4992 6167
322 1971 470 2060 Annus,
504 1969 567 2065 qni
602 1968 705 2042 hodie
744 1966 846 2053 exiit,
883 1976 924 2042 nt
956 1980 1039 2043 sunt
1067 1992 1121 2045 ras
1153 1970 1347 2061 humanae,
1372 1972 1439 2049 alia
1462 1972 1551 2048 laeta
1572 1982 1609 2048 et
1639 1996 1802 2072 prospere

274 2091 410 2182 attulit,
436 2090 503 2165 alia
527 2088 639 2163 tristia
663 2097 698 2160 et
724 2086 857 2162 acerba

323 2330 367 2402 In
398 2328 606 2402 curatorum
630 2324 773 2422 aellegio
801 2323 888 2398 nihil
911 2334 1095 2401 mutatum.
1139 2328 1271 2402 Omnes
1295 2327 1431 2427 integra
1460 2328 1658 2403 valetudine
1681 2330 1801 2405 officiis

274 2446 551 2545 muneribusque
575 2444 686 2519 innati
711 2453 804 2517 sunt.

324 2686 377 2757 Ex
402 2683 533 2757 Ordine
558 2682 793 2755 Prolessarum
819 2681 908 2755 dnos
930 2681 1177 2758 desideramus.
1213 2683 1392 2770 Alterum,
1418 2684 1606 2758 Aemiliam
1630 2684 1800 2778 Selenia,

272 2802 395 2878 affeetu
423 2801 583 2876 valetudo
605 2801 641 2874 in
667 2799 811 2898 patriam
837 2798 948 2875 redire
969 2800 1094 2898 coligit.
1145 2800 1271 2875 Multis
1297 2801 1466 2891 dilectus,
1490 2801 1655 2876 omnibns
1679 2812 1800 2900 gratas

272 2946 429 2997 moerens
462 2928 654 2995 moerentes
678 2918 828 3017 reliquit.
880 2920 1044 2995 Museum
1073 2920 1312 2997 Zwtnmienm
1338 2921 1449 3019 ipsine
1472 2947 1556 2997 eure
1582 2930 1799 3001 exstructum

274 3040 460 3117 sneeessori
487 3040 558 3113 viro
581 3040 624 3113 el.
650 3037 840 3129 Hoffmann
865 3037 953 3113 seret
976 3038 1120 3114 fruetus.

321 3280 419 3354 Alter
452 3278 627 3354 Antonius
660 3301 726 3353 van
757 3277 820 3351 der
850 3276 948 3349 Boon
983 3274 1103 3349 Meseh
1137 3282 1297 3349 maturus
1318 3275 1440 3362 annia,
1465 3276 1642 3351 laboribus
1665 3268 1799 3363 Aeade·

273 3399 371 3473 minis
392 3398 596 3487 defunctus,
622 3397 718 3497 gravi
741 3396 860 3471 morbo
883 3396 945 3470 din
968 3395 1117 3471 afflietns
1136 3394 1284 3469 excessit
1303 3394 1406 3467 evita
1418 3394 1474 3468 die
1489 3419 1544 3469 x11
1558 3420 1604 3469 m.
1617 3397 1798 3493 Augusti,

272 3527 376 3593 natus
403 3518 547 3615 Delphis
566 3541 657 3592 anno
681 3516 786 3591 huius
809 3514 936 3591 saeculi
958 3526 1091 3611 quartu.
1128 3515 1195 3588 Per
1216 3512 1495 3612 quinquennium
1519 3517 1793 3610 (lael-1826)

271 3636 308 3711 in
342 3636 573 3711 Universitate
607 3647 723 3711 nestra
757 3635 883 3711 stadiis
918 3634 1016 3709 dedit
1049 3658 1201 3731 operam.
1253 3636 1479 3731 Quamquam
1516 3636 1552 3709 in
1582 3636 1799 3736 philosophia

270 3757 419 3831 natarali
444 3757 533 3831 sitae
558 3755 778 3831 tabernacula
801 3763 980 3852 posuerat,
1006 3763 1123 3827 tamen
1152 3752 1327 3827 literarum
1350 3754 1531 3828 suavitatis
1554 3765 1591 3829 et
1611 3780 1796 3846 neruum,

270 3875 470 3975 praesertim
492 3874 715 3961 Latinarum,
741 3870 883 3947 minima
908 3895 1031 3969 expers
1054 3880 1149 3945 tanta
1169 3871 1305 3946 valebat
1328 3883 1450 3948 ornate
1471 3875 1610 3949 dicendi
1633 3877 1797 3951 facultate

271 4004 307 4069 et
329 3996 446 4093 eopia,
482 4004 522 4067 ut
547 4017 648 4067 nemo
668 3992 767 4067 sanila
792 3993 868 4067 eius
894 3990 1094 4065 laeundiam
1115 3992 1310 4087 superarit..
1347 3994 1482 4067 Multas
1506 3996 1542 4065 in
1568 3993 1680 4068 stadio
1707 3997 1796 4068 Aea·

271 4114 405 4188 demine
437 4113 568 4211 palmas
602 4112 694 4187 tulit.
745 4110 901 4185 Primum
926 4110 1097 4187 Gandavii
1120 4134 1210 4184 anno
1232 4113 1322 4184 1821
1347 4136 1453 4186 aurea
1479 4112 1632 4210 praemio
1652 4123 1796 4188 ornatas

270 4232 317 4307 ub
349 4231 669 4307 anmmentationem
703 4234 746 4305 de
770 4233 1039 4325 fermentatione
1068 4233 1196 4304 manaa:
1247 4232 1380 4305 Iterum
1415 4232 1547 4306 ibidem
1574 4255 1666 4307 anno
1699 4236 1794 4309 1823

271 4374 382 4450 quum
418 4351 649 4451 respondisset
681 4332 727 4425 ai
758 4350 1014 4449 quaestionem:
1046 4352 1232 4429 Quaeritur
1257 4351 1489 4427 ammentats‘e
1512 4354 1795 4429 Historiae-aali-

270 4473 414 4571 μανία,
439 4474 476 4545 in
503 4498 571 4570 qua
600 4473 649 4547 1⁰.
677 4478 907 4569 cuperantur,
941 4496 1154 4571 quaeeunque
1178 4472 1228 4545 ad
1252 4495 1382 4545 aearum
1408 4479 1444 4547 et
1469 4498 1641 4563 pensaram
1667 4474 1794 4549 Roma·

268 4615 384 4665 aarum
413 4592 677 4699 pertinuerant&
709 4599 744 4666 et
772 4592 824 4666 2⁰.
849 4591 951 4663 Fasti
984 4592 1130 4663 uereor&
1158 4590 1395 4694 eelileartur,
1419 4618 1439 4664 e
1460 4593 1582 4691 quibua
1603 4601 1794 4690 appareat,

269 4718 427 4785 maante
463 4711 581 4784 altatis
612 4718 759 4786 veterna
796 4712 897 4796 laceb,
934 4710 1019 4807 quia
1047 4736 1071 4782 a
1108 4711 1319 4799 amaena,
1355 4714 1505 4787 manera
1538 4714 1613 4786 sola
1648 4715 1794 4809 ι’ρεαααηι

270 4831 403 4905 ratione
431 4829 570 4918 habita,
595 4831 729 4928 ᾱὶφιααι
754 4836 938 4906 memoratu
953 4836 1129 4926 peractam
1154 4832 1211 4905 ait.
