<?xml version="1.0" encoding="UTF-8"?>
<!DOCTYPE html PUBLIC "-//W3C//DTD XHTML 1.0 Transitional//EN"
    "http://www.w3.org/TR/xhtml1/DTD/xhtml1-transitional.dtd">
<html xmlns="http://www.w3.org/1999/xhtml" xml:lang="en" lang="en">
 <head>
  <title>
</title>
<meta http-equiv="Content-Type" content="text/html;charset=utf-8" />
  <meta name='ocr-system' content='tesseract 3.04.00' />
  <meta name='ocr-capabilities' content='ocr_page ocr_carea ocr_par ocr_line ocrx_word'/>
</head>
<body>
  <div class='ocr_page' id='page_1' title='image "annalesacademic08unkngoog_0171.png"; bbox 0 0 4992 6167; ppageno 0'>
   <div class='ocr_carea' id='block_1_1' title="bbox 623 806 1790 879">
    <p class='ocr_par' dir='ltr' id='par_1_1' title="bbox 623 806 1790 879">
     <span class='ocr_line' id='line_1_1' title="bbox 623 806 1790 879; baseline 0.003 -6"><span class='ocrx_word' id='word_1_1' title='bbox 623 824 626 831; x_wconf 88' lang='grc'><em>·</em></span> <span class='ocrx_word' id='word_1_2' title='bbox 757 806 1042 876; x_wconf 79' lang='lat' dir='ltr'>DOGTORES</span> <span class='ocrx_word' id='word_1_3' title='bbox 1070 808 1289 877; x_wconf 75' lang='lat' dir='ltr'>cunm</span> <span class='ocrx_word' id='word_1_4' title='bbox 1726 808 1790 879; x_wconf 82' lang='lat' dir='ltr'>let</span> 
     </span>
    </p>
   </div>
   <div class='ocr_carea' id='block_1_2' title="bbox 256 1012 1897 3871">
    <p class='ocr_par' dir='ltr' id='par_1_2' title="bbox 258 1012 1791 1224">
     <span class='ocr_line' id='line_1_2' title="bbox 258 1012 1791 1118; baseline 0.001 -28"><span class='ocrx_word' id='word_1_5' title='bbox 258 1014 391 1090; x_wconf 82' lang='lat' dir='ltr'>Eodem</span> <span class='ocrx_word' id='word_1_6' title='bbox 418 1012 485 1089; x_wconf 91' lang='lat' dir='ltr'>die.</span> <span class='ocrx_word' id='word_1_7' title='bbox 537 1014 682 1089; x_wconf 80' lang='lat' dir='ltr'>Peneos</span> <span class='ocrx_word' id='word_1_8' title='bbox 717 1036 978 1102; x_wconf 78' lang='lat' dir='ltr'>eeoosnoorn,</span> <span class='ocrx_word' id='word_1_9' title='bbox 1013 1039 1056 1091; x_wconf 85' lang='lat' dir='ltr'>ox</span> <span class='ocrx_word' id='word_1_10' title='bbox 1091 1038 1182 1113; x_wconf 84' lang='lat' dir='ltr'>pago</span> <span class='ocrx_word' id='word_1_11' title='bbox 1218 1014 1448 1093; x_wconf 87' lang='lat' dir='ltr'>Giessendem</span> <span class='ocrx_word' id='word_1_12' title='bbox 1478 1016 1696 1105; x_wconf 80' lang='lat' dir='ltr'>Hellendus,</span> <span class='ocrx_word' id='word_1_13' title='bbox 1722 1018 1791 1118; x_wconf 88' lang='lat' dir='ltr'>pri·</span> 
     </span>
     <span class='ocr_line' id='line_1_3' title="bbox 401 1132 1702 1224; baseline 0.005 -17"><span class='ocrx_word' id='word_1_14' title='bbox 401 1133 507 1209; x_wconf 87' lang='lat' dir='ltr'>vetim</span> <span class='ocrx_word' id='word_1_15' title='bbox 531 1132 682 1208; x_wconf 79' lang='lat' dir='ltr'>detensis</span> <span class='ocrx_word' id='word_1_16' title='bbox 704 1133 882 1221; x_wconf 80' lang='lat' dir='ltr'>thesibus,</span> <span class='ocrx_word' id='word_1_17' title='bbox 909 1135 980 1208; x_wconf 87' lang='lat' dir='ltr'>Iur.</span> <span class='ocrx_word' id='word_1_18' title='bbox 1004 1134 1106 1208; x_wconf 85' lang='lat' dir='ltr'>Rom.</span> <span class='ocrx_word' id='word_1_19' title='bbox 1132 1145 1168 1210; x_wconf 90' lang='lat' dir='ltr'>et</span> <span class='ocrx_word' id='word_1_20' title='bbox 1191 1134 1286 1210; x_wconf 92' lang='lat' dir='ltr'>Hod.</span> <span class='ocrx_word' id='word_1_21' title='bbox 1314 1136 1460 1224; x_wconf 89' lang='lat' dir='ltr'>Doetor,</span> <span class='ocrx_word' id='word_1_22' title='bbox 1488 1162 1565 1211; x_wconf 76' lang='lat' dir='ltr'>cum</span> <span class='ocrx_word' id='word_1_23' title='bbox 1590 1138 1702 1215; x_wconf 78' lang='lat' dir='ltr'>lende.</span> 
     </span>
    </p>

    <p class='ocr_par' dir='ltr' id='par_1_3' title="bbox 258 1253 1790 1473">
     <span class='ocr_line' id='line_1_4' title="bbox 258 1253 1790 1356; baseline 0.003 -27"><span class='ocrx_word' id='word_1_24' title='bbox 258 1253 391 1329; x_wconf 77' lang='grc' dir='ltr'>Εοάοω</span> <span class='ocrx_word' id='word_1_25' title='bbox 416 1253 484 1330; x_wconf 91' lang='lat' dir='ltr'>die.</span> <span class='ocrx_word' id='word_1_26' title='bbox 533 1257 724 1329; x_wconf 78' lang='lat' dir='ltr'>Ausonios</span> <span class='ocrx_word' id='word_1_27' title='bbox 749 1276 823 1331; x_wconf 80' lang='lat' dir='ltr'>vsu</span> <span class='ocrx_word' id='word_1_28' title='bbox 847 1276 964 1342; x_wconf 80' lang='lat' dir='ltr'>unus,</span> <span class='ocrx_word' id='word_1_29' title='bbox 988 1278 1031 1327; x_wconf 85' lang='lat' dir='ltr'>ex</span> <span class='ocrx_word' id='word_1_30' title='bbox 1057 1278 1146 1352; x_wconf 79' lang='lat' dir='ltr'>pago</span> <span class='ocrx_word' id='word_1_31' title='bbox 1172 1255 1355 1329; x_wconf 78' lang='lat' dir='ltr'>Massiend</span> <span class='ocrx_word' id='word_1_32' title='bbox 1382 1256 1597 1346; x_wconf 85' lang='lat' dir='ltr'>Hoihodus,</span> <span class='ocrx_word' id='word_1_33' title='bbox 1627 1256 1790 1356; x_wconf 78' lang='lat' dir='ltr'>privatim</span> 
     </span>
     <span class='ocr_line' id='line_1_5' title="bbox 401 1372 1572 1473; baseline 0.004 -26"><span class='ocrx_word' id='word_1_34' title='bbox 401 1373 552 1449; x_wconf 80' lang='lat' dir='ltr'>defensis</span> <span class='ocrx_word' id='word_1_35' title='bbox 577 1372 754 1461; x_wconf 74' lang='lat' dir='ltr'>thesibus,</span> <span class='ocrx_word' id='word_1_36' title='bbox 781 1376 851 1473; x_wconf 81' lang='lat' dir='ltr'>ior.</span> <span class='ocrx_word' id='word_1_37' title='bbox 877 1374 979 1449; x_wconf 86' lang='lat' dir='ltr'>Rom.</span> <span class='ocrx_word' id='word_1_38' title='bbox 1006 1384 1041 1447; x_wconf 92' lang='lat' dir='ltr'>et</span> <span class='ocrx_word' id='word_1_39' title='bbox 1066 1372 1159 1449; x_wconf 92' lang='lat' dir='ltr'>Hod.</span> <span class='ocrx_word' id='word_1_40' title='bbox 1187 1374 1334 1461; x_wconf 89' lang='lat' dir='ltr'>Doctor,</span> <span class='ocrx_word' id='word_1_41' title='bbox 1359 1400 1436 1449; x_wconf 77' lang='lat' dir='ltr'>cum</span> <span class='ocrx_word' id='word_1_42' title='bbox 1459 1378 1572 1453; x_wconf 71' lang='lat' dir='ltr'>uude.</span> 
     </span>
    </p>

    <p class='ocr_par' dir='ltr' id='par_1_4' title="bbox 257 1480 1897 1831">
     <span class='ocr_line' id='line_1_6' title="bbox 257 1480 1897 1596; baseline -0.002 -27"><span class='ocrx_word' id='word_1_43' title='bbox 257 1494 303 1571; x_wconf 89' lang='lat' dir='ltr'>D.</span> <span class='ocrx_word' id='word_1_44' title='bbox 330 1480 376 1568; x_wconf 90' lang='grc'>21</span> <span class='ocrx_word' id='word_1_45' title='bbox 403 1492 626 1593; x_wconf 80' lang='lat' dir='ltr'>Septembris.</span> <span class='ocrx_word' id='word_1_46' title='bbox 677 1494 789 1568; x_wconf 77' lang='lat' dir='ltr'>lones</span> <span class='ocrx_word' id='word_1_47' title='bbox 805 1515 1112 1581; x_wconf 62' lang='lat' dir='ltr'>senonensibus,</span> <span class='ocrx_word' id='word_1_48' title='bbox 1132 1492 1246 1579; x_wconf 70' lang='lat' dir='ltr'>uhi,</span> <span class='ocrx_word' id='word_1_49' title='bbox 1272 1495 1631 1585; x_wconf 82' lang='lat' dir='ltr'>Amsteiodemensis,</span> <span class='ocrx_word' id='word_1_50' title='bbox 1651 1496 1791 1596; x_wconf 87' lang='lat' dir='ltr'>publice</span> <span class='ocrx_word' id='word_1_51' title='bbox 1894 1559 1897 1565; x_wconf 42' lang='lat'>.</span> 
     </span>
     <span class='ocr_line' id='line_1_7' title="bbox 402 1610 1789 1715; baseline 0.002 -27"><span class='ocrx_word' id='word_1_52' title='bbox 402 1614 544 1689; x_wconf 79' lang='lat' dir='ltr'>defenso</span> <span class='ocrx_word' id='word_1_53' title='bbox 561 1610 766 1712; x_wconf 74' lang='lat' dir='ltr'>speciminez</span> <span class='ocrx_word' id='word_1_54' title='bbox 796 1616 941 1689; x_wconf 67' lang='lat' dir='ltr'>unctes</span> <span class='ocrx_word' id='word_1_55' title='bbox 953 1618 1018 1688; x_wconf 80' lang='lat' dir='ltr'>oon</span> <span class='ocrx_word' id='word_1_56' title='bbox 1032 1617 1075 1689; x_wconf 84' lang='lat' dir='ltr'>de</span> <span class='ocrx_word' id='word_1_57' title='bbox 1082 1615 1316 1711; x_wconf 67' lang='lat' dir='ltr'>peechiedenes</span> <span class='ocrx_word' id='word_1_58' title='bbox 1329 1616 1392 1688; x_wconf 80' lang='lat' dir='ltr'>der</span> <span class='ocrx_word' id='word_1_59' title='bbox 1407 1616 1587 1691; x_wconf 71' lang='lat' dir='ltr'>hsdrcste</span> <span class='ocrx_word' id='word_1_60' title='bbox 1600 1642 1643 1715; x_wconf 84' lang='lat' dir='ltr'>op</span> <span class='ocrx_word' id='word_1_61' title='bbox 1660 1616 1789 1704; x_wconf 79' lang='lat' dir='ltr'>Jooc,&#39;&#39;</span> 
     </span>
     <span class='ocr_line' id='line_1_8' title="bbox 403 1732 1349 1831; baseline 0 -23"><span class='ocrx_word' id='word_1_62' title='bbox 403 1737 475 1809; x_wconf 87' lang='lat' dir='ltr'>Iur.</span> <span class='ocrx_word' id='word_1_63' title='bbox 502 1735 605 1809; x_wconf 86' lang='lat' dir='ltr'>Rom.</span> <span class='ocrx_word' id='word_1_64' title='bbox 631 1740 667 1808; x_wconf 83' lang='lat' dir='ltr'>et</span> <span class='ocrx_word' id='word_1_65' title='bbox 693 1732 787 1809; x_wconf 91' lang='lat' dir='ltr'>Hnd.</span> <span class='ocrx_word' id='word_1_66' title='bbox 814 1734 960 1827; x_wconf 85' lang='lat' dir='ltr'>Doctor,</span> <span class='ocrx_word' id='word_1_67' title='bbox 986 1760 1108 1831; x_wconf 72' lang='lat' dir='ltr'>mopso</span> <span class='ocrx_word' id='word_1_68' title='bbox 1133 1760 1205 1808; x_wconf 77' lang='lat' dir='ltr'>eum</span> <span class='ocrx_word' id='word_1_69' title='bbox 1228 1734 1349 1809; x_wconf 67' lang='lat' dir='ltr'>laude·</span> 
     </span>
    </p>

    <p class='ocr_par' dir='ltr' id='par_1_5' title="bbox 260 1854 1790 2184">
     <span class='ocr_line' id='line_1_9' title="bbox 260 1854 1790 1954; baseline -0.001 -24"><span class='ocrx_word' id='word_1_70' title='bbox 260 1855 305 1933; x_wconf 88' lang='lat' dir='ltr'>D.</span> <span class='ocrx_word' id='word_1_71' title='bbox 331 1857 378 1929; x_wconf 93' lang='grc'>22</span> <span class='ocrx_word' id='word_1_72' title='bbox 403 1854 628 1954; x_wconf 81' lang='lat' dir='ltr'>Septembris.</span> <span class='ocrx_word' id='word_1_73' title='bbox 679 1854 915 1929; x_wconf 72' lang='lat' dir='ltr'>Gemmeus</span> <span class='ocrx_word' id='word_1_74' title='bbox 946 1876 1150 1928; x_wconf 75' lang='lat' dir='ltr'>nossemus</span> <span class='ocrx_word' id='word_1_75' title='bbox 1188 1875 1412 1949; x_wconf 73' lang='lat' dir='ltr'>suusupns</span> <span class='ocrx_word' id='word_1_76' title='bbox 1445 1875 1564 1938; x_wconf 78' lang='lat' dir='ltr'>monn</span> <span class='ocrx_word' id='word_1_77' title='bbox 1598 1875 1673 1929; x_wconf 77' lang='lat' dir='ltr'>vsu</span> <span class='ocrx_word' id='word_1_78' title='bbox 1706 1877 1790 1929; x_wconf 80' lang='lat' dir='ltr'>sos·</span> 
     </span>
     <span class='ocr_line' id='line_1_10' title="bbox 402 1972 1790 2079; baseline -0.001 -29"><span class='ocrx_word' id='word_1_79' title='bbox 402 1998 624 2063; x_wconf 81' lang='lat' dir='ltr'>rnswonns,</span> <span class='ocrx_word' id='word_1_80' title='bbox 667 1974 857 2073; x_wconf 81' lang='lat' dir='ltr'>Hegenus,</span> <span class='ocrx_word' id='word_1_81' title='bbox 897 1973 1057 2079; x_wconf 76' lang='lat' dir='ltr'>privatim</span> <span class='ocrx_word' id='word_1_82' title='bbox 1092 1972 1244 2047; x_wconf 85' lang='lat' dir='ltr'>defensis</span> <span class='ocrx_word' id='word_1_83' title='bbox 1280 1972 1457 2063; x_wconf 85' lang='lat' dir='ltr'>thesibus,</span> <span class='ocrx_word' id='word_1_84' title='bbox 1499 1973 1572 2050; x_wconf 86' lang='lat' dir='ltr'>lur.</span> <span class='ocrx_word' id='word_1_85' title='bbox 1610 1974 1714 2052; x_wconf 87' lang='lat' dir='ltr'>Rom.</span> <span class='ocrx_word' id='word_1_86' title='bbox 1754 1981 1790 2049; x_wconf 90' lang='lat' dir='ltr'>et</span> 
     </span>
     <span class='ocr_line' id='line_1_11' title="bbox 402 2095 909 2184; baseline -0.01 -14"><span class='ocrx_word' id='word_1_87' title='bbox 402 2095 497 2170; x_wconf 89' lang='lat' dir='ltr'>Hod.</span> <span class='ocrx_word' id='word_1_88' title='bbox 526 2096 671 2184; x_wconf 85' lang='lat' dir='ltr'>Doctor,</span> <span class='ocrx_word' id='word_1_89' title='bbox 699 2119 771 2169; x_wconf 81' lang='lat' dir='ltr'>oum</span> <span class='ocrx_word' id='word_1_90' title='bbox 795 2095 909 2167; x_wconf 81' lang='lat' dir='ltr'>laude.</span> 
     </span>
    </p>

    <p class='ocr_par' dir='ltr' id='par_1_6' title="bbox 256 2205 1897 2422">
     <span class='ocr_line' id='line_1_12' title="bbox 256 2205 1897 2313; baseline 0.002 -25"><span class='ocrx_word' id='word_1_91' title='bbox 256 2214 302 2290; x_wconf 92' lang='lat' dir='ltr'>D.</span> <span class='ocrx_word' id='word_1_92' title='bbox 330 2216 377 2290; x_wconf 82' lang='grc'>26</span> <span class='ocrx_word' id='word_1_93' title='bbox 402 2214 626 2313; x_wconf 83' lang='lat' dir='ltr'>Septembris.</span> <span class='ocrx_word' id='word_1_94' title='bbox 673 2217 869 2289; x_wconf 82' lang='lat' dir='ltr'>Ansnnnns</span> <span class='ocrx_word' id='word_1_95' title='bbox 894 2235 1078 2287; x_wconf 75' lang='lat' dir='ltr'>rensuum</span> <span class='ocrx_word' id='word_1_96' title='bbox 1104 2235 1179 2287; x_wconf 76' lang='lat' dir='ltr'>ven</span> <span class='ocrx_word' id='word_1_97' title='bbox 1204 2235 1379 2301; x_wconf 71' lang='lat' dir='ltr'>nemeis,</span> <span class='ocrx_word' id='word_1_98' title='bbox 1407 2212 1651 2304; x_wconf 81' lang='lat' dir='ltr'>Reevieensis,</span> <span class='ocrx_word' id='word_1_99' title='bbox 1676 2214 1788 2313; x_wconf 84' lang='lat' dir='ltr'>prive-</span> <span class='ocrx_word' id='word_1_100' title='bbox 1893 2205 1897 2223; x_wconf 62' lang='lat'><strong>¹</strong></span> 
     </span>
     <span class='ocr_line' id='line_1_13' title="bbox 401 2332 1654 2422; baseline 0.004 -16"><span class='ocrx_word' id='word_1_101' title='bbox 401 2334 464 2407; x_wconf 93' lang='lat' dir='ltr'>tim</span> <span class='ocrx_word' id='word_1_102' title='bbox 489 2333 638 2408; x_wconf 83' lang='lat' dir='ltr'>defensis</span> <span class='ocrx_word' id='word_1_103' title='bbox 662 2334 841 2421; x_wconf 91' lang='lat' dir='ltr'>thesibus,</span> <span class='ocrx_word' id='word_1_104' title='bbox 859 2332 938 2408; x_wconf 73' lang='lat' dir='ltr'>¹Iur.</span> <span class='ocrx_word' id='word_1_105' title='bbox 964 2334 1067 2409; x_wconf 82' lang='lat' dir='ltr'>Rom.</span> <span class='ocrx_word' id='word_1_106' title='bbox 1089 2343 1126 2407; x_wconf 92' lang='lat' dir='ltr'>et</span> <span class='ocrx_word' id='word_1_107' title='bbox 1152 2332 1245 2407; x_wconf 93' lang='lat' dir='ltr'>Hod.</span> <span class='ocrx_word' id='word_1_108' title='bbox 1271 2334 1420 2422; x_wconf 87' lang='lat' dir='ltr'>Doctor,</span> <span class='ocrx_word' id='word_1_109' title='bbox 1445 2361 1518 2409; x_wconf 80' lang='lat' dir='ltr'>eum</span> <span class='ocrx_word' id='word_1_110' title='bbox 1542 2336 1654 2411; x_wconf 81' lang='lat' dir='ltr'>lande.</span> 
     </span>
    </p>

    <p class='ocr_par' dir='ltr' id='par_1_7' title="bbox 260 2452 1792 2911">
     <span class='ocr_line' id='line_1_14' title="bbox 260 2452 1790 2552; baseline 0.002 -25"><span class='ocrx_word' id='word_1_111' title='bbox 260 2453 306 2529; x_wconf 94' lang='lat' dir='ltr'>D.</span> <span class='ocrx_word' id='word_1_112' title='bbox 333 2456 380 2527; x_wconf 79' lang='lat'>18</span> <span class='ocrx_word' id='word_1_113' title='bbox 405 2453 576 2530; x_wconf 85' lang='lat' dir='ltr'>Octobris.</span> <span class='ocrx_word' id='word_1_114' title='bbox 617 2458 821 2530; x_wconf 76' lang='lat' dir='ltr'>Anosnnne</span> <span class='ocrx_word' id='word_1_115' title='bbox 846 2475 1274 2542; x_wconf 76' lang='lat' dir='ltr'>Lnnovtcns-Ptttcom,</span> <span class='ocrx_word' id='word_1_116' title='bbox 1298 2452 1625 2542; x_wconf 84' lang='lat' dir='ltr'>Roterodemensis‚</span> <span class='ocrx_word' id='word_1_117' title='bbox 1652 2453 1790 2552; x_wconf 87' lang='lat' dir='ltr'>publice</span> 
     </span>
     <span class='ocr_line' id='line_1_15' title="bbox 403 2573 1792 2674; baseline 0.002 -27"><span class='ocrx_word' id='word_1_118' title='bbox 403 2573 544 2647; x_wconf 81' lang='lat' dir='ltr'>defenso</span> <span class='ocrx_word' id='word_1_119' title='bbox 576 2574 779 2673; x_wconf 82' lang='lat' dir='ltr'>specimine:</span> <span class='ocrx_word' id='word_1_120' title='bbox 821 2576 898 2647; x_wconf 81' lang='lat' dir='ltr'>nDe</span> <span class='ocrx_word' id='word_1_121' title='bbox 922 2575 994 2649; x_wconf 71' lang='lat' dir='ltr'>teor</span> <span class='ocrx_word' id='word_1_122' title='bbox 1017 2600 1084 2647; x_wconf 83' lang='lat' dir='ltr'>oen</span> <span class='ocrx_word' id='word_1_123' title='bbox 1111 2576 1154 2648; x_wconf 88' lang='lat' dir='ltr'>de</span> <span class='ocrx_word' id='word_1_124' title='bbox 1181 2574 1473 2673; x_wconf 72' lang='lat' dir='ltr'>selsetondipkes&#39;d</span> <span class='ocrx_word' id='word_1_125' title='bbox 1499 2577 1561 2649; x_wconf 87' lang='lat' dir='ltr'>der</span> <span class='ocrx_word' id='word_1_126' title='bbox 1589 2576 1792 2674; x_wconf 69' lang='lat' dir='ltr'>Hypotieek</span> 
     </span>
     <span class='ocr_line' id='line_1_16' title="bbox 399 2692 1789 2792; baseline 0.001 -24"><span class='ocrx_word' id='word_1_127' title='bbox 399 2719 441 2768; x_wconf 75' lang='lat' dir='ltr'>eu</span> <span class='ocrx_word' id='word_1_128' title='bbox 475 2697 517 2767; x_wconf 83' lang='lat' dir='ltr'>de</span> <span class='ocrx_word' id='word_1_129' title='bbox 547 2692 752 2790; x_wconf 76' lang='lat' dir='ltr'>Hypothcek</span> <span class='ocrx_word' id='word_1_130' title='bbox 783 2719 850 2767; x_wconf 79' lang='lat' dir='ltr'>oen</span> <span class='ocrx_word' id='word_1_131' title='bbox 877 2696 941 2768; x_wconf 79' lang='lat' dir='ltr'>den</span> <span class='ocrx_word' id='word_1_132' title='bbox 970 2694 1193 2792; x_wconf 75' lang='lat' dir='ltr'>Bipenaar,”</span> <span class='ocrx_word' id='word_1_133' title='bbox 1229 2693 1302 2769; x_wconf 87' lang='lat' dir='ltr'>lur.</span> <span class='ocrx_word' id='word_1_134' title='bbox 1324 2694 1428 2769; x_wconf 90' lang='lat' dir='ltr'>Rom.</span> <span class='ocrx_word' id='word_1_135' title='bbox 1457 2703 1495 2769; x_wconf 88' lang='lat' dir='ltr'>et</span> <span class='ocrx_word' id='word_1_136' title='bbox 1518 2693 1613 2770; x_wconf 91' lang='lat' dir='ltr'>Hod.</span> <span class='ocrx_word' id='word_1_137' title='bbox 1640 2695 1789 2784; x_wconf 84' lang='lat' dir='ltr'>Doctor,</span> 
     </span>
     <span class='ocr_line' id='line_1_17' title="bbox 400 2815 755 2911; baseline 0.006 -26"><span class='ocrx_word' id='word_1_138' title='bbox 400 2838 523 2911; x_wconf 77' lang='lat' dir='ltr'>mopso</span> <span class='ocrx_word' id='word_1_139' title='bbox 548 2838 619 2887; x_wconf 79' lang='lat' dir='ltr'>enm</span> <span class='ocrx_word' id='word_1_140' title='bbox 644 2815 755 2887; x_wconf 71' lang='lat' dir='ltr'>hade.</span> 
     </span>
    </p>

    <p class='ocr_par' dir='ltr' id='par_1_8' title="bbox 258 2930 1787 3259">
     <span class='ocr_line' id='line_1_18' title="bbox 258 2930 1787 3029; baseline 0.001 -23"><span class='ocrx_word' id='word_1_141' title='bbox 258 2931 302 3009; x_wconf 94' lang='lat' dir='ltr'>D.</span> <span class='ocrx_word' id='word_1_142' title='bbox 331 2934 378 3029; x_wconf 74' lang='grc'>14</span> <span class='ocrx_word' id='word_1_143' title='bbox 402 2930 574 3005; x_wconf 87' lang='lat' dir='ltr'>Octobris.</span> <span class='ocrx_word' id='word_1_144' title='bbox 636 2932 870 3006; x_wconf 77' lang='lat' dir='ltr'>Gnsnreeune</span> <span class='ocrx_word' id='word_1_145' title='bbox 917 2954 1163 3007; x_wconf 75' lang='lat' dir='ltr'>oonsrsnnrns</span> <span class='ocrx_word' id='word_1_146' title='bbox 1211 2954 1356 3006; x_wconf 73' lang='lat' dir='ltr'>nessus</span> <span class='ocrx_word' id='word_1_147' title='bbox 1403 2955 1479 3007; x_wconf 76' lang='lat' dir='ltr'>ven</span> <span class='ocrx_word' id='word_1_148' title='bbox 1529 2953 1604 3007; x_wconf 79' lang='lat' dir='ltr'>nee</span> <span class='ocrx_word' id='word_1_149' title='bbox 1650 2955 1787 3022; x_wconf 76' lang='lat' dir='ltr'>neore,</span> 
     </span>
     <span class='ocr_line' id='line_1_19' title="bbox 400 3050 1786 3150; baseline 0.002 -23"><span class='ocrx_word' id='word_1_150' title='bbox 400 3050 753 3138; x_wconf 83' lang='lat' dir='ltr'>Amstelodemensis,</span> <span class='ocrx_word' id='word_1_151' title='bbox 792 3051 952 3150; x_wconf 78' lang='lat' dir='ltr'>privatim</span> <span class='ocrx_word' id='word_1_152' title='bbox 986 3051 1136 3127; x_wconf 82' lang='lat' dir='ltr'>defensis</span> <span class='ocrx_word' id='word_1_153' title='bbox 1172 3050 1351 3140; x_wconf 91' lang='lat' dir='ltr'>thesibus,</span> <span class='ocrx_word' id='word_1_154' title='bbox 1390 3052 1462 3127; x_wconf 91' lang='lat' dir='ltr'>Iur.</span> <span class='ocrx_word' id='word_1_155' title='bbox 1500 3052 1603 3128; x_wconf 86' lang='lat' dir='ltr'>Rom.</span> <span class='ocrx_word' id='word_1_156' title='bbox 1629 3061 1666 3125; x_wconf 87' lang='lat' dir='ltr'>et</span> <span class='ocrx_word' id='word_1_157' title='bbox 1690 3052 1786 3130; x_wconf 92' lang='lat' dir='ltr'>Hod.</span> 
     </span>
     <span class='ocr_line' id='line_1_20' title="bbox 399 3172 778 3259; baseline 0.005 -14"><span class='ocrx_word' id='word_1_158' title='bbox 399 3172 547 3259; x_wconf 86' lang='lat' dir='ltr'>Doctor,</span> <span class='ocrx_word' id='word_1_159' title='bbox 572 3196 642 3245; x_wconf 77' lang='lat' dir='ltr'>eom</span> <span class='ocrx_word' id='word_1_160' title='bbox 667 3172 778 3247; x_wconf 76' lang='lat' dir='ltr'>laude.</span> 
     </span>
    </p>

    <p class='ocr_par' dir='ltr' id='par_1_9' title="bbox 258 3290 1789 3871">
     <span class='ocr_line' id='line_1_21' title="bbox 258 3290 1784 3379; baseline -0.001 -12"><span class='ocrx_word' id='word_1_161' title='bbox 258 3292 303 3366; x_wconf 92' lang='lat' dir='ltr'>D.</span> <span class='ocrx_word' id='word_1_162' title='bbox 329 3293 376 3367; x_wconf 82' lang='grc'>26</span> <span class='ocrx_word' id='word_1_163' title='bbox 401 3290 573 3366; x_wconf 87' lang='lat' dir='ltr'>Octobris.</span> <span class='ocrx_word' id='word_1_164' title='bbox 638 3292 836 3367; x_wconf 82' lang='lat' dir='ltr'>Anersnns</span> <span class='ocrx_word' id='word_1_165' title='bbox 876 3315 1097 3367; x_wconf 78' lang='lat' dir='ltr'>ornnesrcns</span> <span class='ocrx_word' id='word_1_166' title='bbox 1137 3314 1212 3365; x_wconf 73' lang='lat' dir='ltr'>vsu</span> <span class='ocrx_word' id='word_1_167' title='bbox 1247 3313 1482 3365; x_wconf 79' lang='lat' dir='ltr'>sssssnnsrr</span> <span class='ocrx_word' id='word_1_168' title='bbox 1516 3312 1566 3365; x_wconf 78' lang='lat' dir='ltr'>ns</span> <span class='ocrx_word' id='word_1_169' title='bbox 1599 3312 1784 3379; x_wconf 78' lang='lat' dir='ltr'>somnes,</span> 
     </span>
     <span class='ocr_line' id='line_1_22' title="bbox 399 3391 1789 3509; baseline -0.002 -24"><span class='ocrx_word' id='word_1_170' title='bbox 399 3436 442 3485; x_wconf 85' lang='lat' dir='ltr'>ex</span> <span class='ocrx_word' id='word_1_171' title='bbox 477 3409 606 3509; x_wconf 90' lang='lat' dir='ltr'>oppido</span> <span class='ocrx_word' id='word_1_172' title='bbox 636 3410 982 3509; x_wconf 82' lang='lat' dir='ltr'>Bergen·op·Zoom‚</span> <span class='ocrx_word' id='word_1_173' title='bbox 1016 3408 1154 3507; x_wconf 90' lang='lat' dir='ltr'>publice</span> <span class='ocrx_word' id='word_1_174' title='bbox 1181 3407 1326 3483; x_wconf 78' lang='lat' dir='ltr'>defenso</span> <span class='ocrx_word' id='word_1_175' title='bbox 1347 3391 1555 3507; x_wconf 83' lang='lat' dir='ltr'>specimine=</span> <span class='ocrx_word' id='word_1_176' title='bbox 1596 3409 1676 3482; x_wconf 81' lang='lat' dir='ltr'>rDe</span> <span class='ocrx_word' id='word_1_177' title='bbox 1696 3412 1789 3483; x_wconf 80' lang='lat' dir='ltr'>card</span> 
     </span>
     <span class='ocr_line' id='line_1_23' title="bbox 399 3527 1783 3628; baseline -0.005 -22"><span class='ocrx_word' id='word_1_178' title='bbox 399 3557 440 3606; x_wconf 82' lang='lat' dir='ltr'>en</span> <span class='ocrx_word' id='word_1_179' title='bbox 482 3535 525 3607; x_wconf 83' lang='lat' dir='ltr'>de</span> <span class='ocrx_word' id='word_1_180' title='bbox 564 3532 799 3628; x_wconf 71' lang='lat' dir='ltr'>orhoiklcelinp</span> <span class='ocrx_word' id='word_1_181' title='bbox 838 3532 900 3604; x_wconf 86' lang='lat' dir='ltr'>der</span> <span class='ocrx_word' id='word_1_182' title='bbox 932 3530 1058 3626; x_wconf 54' lang='grc' dir='ltr'>προίῃ</span> <span class='ocrx_word' id='word_1_183' title='bbox 1093 3533 1321 3626; x_wconf 51' lang='lat' dir='ltr'>repetentia</span> <span class='ocrx_word' id='word_1_184' title='bbox 1342 3554 1386 3602; x_wconf 75' lang='lat' dir='ltr'>es</span> <span class='ocrx_word' id='word_1_185' title='bbox 1419 3527 1719 3602; x_wconf 77' lang='lat' dir='ltr'>succeseierecbten</span> <span class='ocrx_word' id='word_1_186' title='bbox 1746 3530 1783 3600; x_wconf 65' lang='grc' dir='ltr'>ἐκ</span> 
     </span>
     <span class='ocr_line' id='line_1_24' title="bbox 398 3645 1781 3750; baseline -0.003 -25"><span class='ocrx_word' id='word_1_187' title='bbox 398 3654 607 3749; x_wconf 77' lang='lat' dir='ltr'>Frenlm&#39;jk,</span> <span class='ocrx_word' id='word_1_188' title='bbox 643 3652 829 3750; x_wconf 76' lang='lat' dir='ltr'>Enpelasd</span> <span class='ocrx_word' id='word_1_189' title='bbox 860 3674 902 3723; x_wconf 82' lang='lat' dir='ltr'>en</span> <span class='ocrx_word' id='word_1_190' title='bbox 940 3649 1183 3735; x_wconf 80' lang='lat' dir='ltr'>Nederland,”</span> <span class='ocrx_word' id='word_1_191' title='bbox 1221 3648 1292 3720; x_wconf 90' lang='lat' dir='ltr'>lur.</span> <span class='ocrx_word' id='word_1_192' title='bbox 1322 3648 1423 3720; x_wconf 84' lang='lat' dir='ltr'>Rom.</span> <span class='ocrx_word' id='word_1_193' title='bbox 1450 3652 1487 3719; x_wconf 90' lang='lat' dir='ltr'>et</span> <span class='ocrx_word' id='word_1_194' title='bbox 1516 3645 1609 3721; x_wconf 87' lang='lat' dir='ltr'>Hod.</span> <span class='ocrx_word' id='word_1_195' title='bbox 1634 3647 1781 3733; x_wconf 87' lang='lat' dir='ltr'>Doctor,</span> 
     </span>
     <span class='ocr_line' id='line_1_25' title="bbox 400 3773 753 3871; baseline 0 -26"><span class='ocrx_word' id='word_1_196' title='bbox 400 3798 521 3871; x_wconf 73' lang='lat' dir='ltr'>mapsa</span> <span class='ocrx_word' id='word_1_197' title='bbox 545 3798 617 3847; x_wconf 81' lang='lat' dir='ltr'>cum</span> <span class='ocrx_word' id='word_1_198' title='bbox 642 3773 753 3845; x_wconf 76' lang='lat' dir='ltr'>leude.</span> 
     </span>
    </p>
   </div>
   <div class='ocr_carea' id='block_1_3' title="bbox 256 3882 1801 4705">
    <p class='ocr_par' dir='ltr' id='par_1_10' title="bbox 256 3882 1783 4097">
     <span class='ocr_line' id='line_1_26' title="bbox 256 3882 1783 3993; baseline -0.004 -28"><span class='ocrx_word' id='word_1_199' title='bbox 256 3891 300 3965; x_wconf 91' lang='lat' dir='ltr'>D.</span> <span class='ocrx_word' id='word_1_200' title='bbox 327 3894 374 3965; x_wconf 78' lang='lat'>80</span> <span class='ocrx_word' id='word_1_201' title='bbox 399 3882 585 3967; x_wconf 81' lang='lat' dir='ltr'>Octobris.¹</span> <span class='ocrx_word' id='word_1_202' title='bbox 636 3891 751 3993; x_wconf 71' lang='lat' dir='ltr'>lusus</span> <span class='ocrx_word' id='word_1_203' title='bbox 778 3910 989 3977; x_wconf 81' lang='lat' dir='ltr'>eosnrnen,</span> <span class='ocrx_word' id='word_1_204' title='bbox 1024 3912 1059 3962; x_wconf 87' lang='lat' dir='ltr'>e.</span> <span class='ocrx_word' id='word_1_205' title='bbox 1086 3888 1154 3973; x_wconf 81' lang='lat' dir='ltr'>fit,</span> <span class='ocrx_word' id='word_1_206' title='bbox 1192 3886 1401 3972; x_wconf 85' lang='lat' dir='ltr'>Homsnus,</span> <span class='ocrx_word' id='word_1_207' title='bbox 1441 3885 1598 3984; x_wconf 76' lang='lat' dir='ltr'>privatim</span> <span class='ocrx_word' id='word_1_208' title='bbox 1631 3884 1783 3959; x_wconf 82' lang='lat' dir='ltr'>defensis</span> 
     </span>
     <span class='ocr_line' id='line_1_27' title="bbox 404 3994 1157 4097; baseline -0.005 -12"><span class='ocrx_word' id='word_1_209' title='bbox 404 4012 580 4097; x_wconf 86' lang='lat' dir='ltr'>thesibus,</span> <span class='ocrx_word' id='word_1_210' title='bbox 607 4012 678 4085; x_wconf 88' lang='lat' dir='ltr'>Iur.</span> <span class='ocrx_word' id='word_1_211' title='bbox 707 3994 808 4085; x_wconf 85' lang='lat' dir='ltr'>Rom.</span> <span class='ocrx_word' id='word_1_212' title='bbox 836 4020 871 4084; x_wconf 91' lang='lat' dir='ltr'>et</span> <span class='ocrx_word' id='word_1_213' title='bbox 898 4008 992 4083; x_wconf 91' lang='lat' dir='ltr'>Hod.</span> <span class='ocrx_word' id='word_1_214' title='bbox 1020 4008 1157 4081; x_wconf 86' lang='lat' dir='ltr'>Ductor.</span> 
     </span>
    </p>

    <p class='ocr_par' dir='ltr' id='par_1_11' title="bbox 258 4126 1801 4349">
     <span class='ocr_line' id='line_1_28' title="bbox 258 4126 1801 4213; baseline -0.003 -8"><span class='ocrx_word' id='word_1_215' title='bbox 258 4132 300 4205; x_wconf 90' lang='lat' dir='ltr'>D.</span> <span class='ocrx_word' id='word_1_216' title='bbox 327 4134 371 4206; x_wconf 82' lang='grc'>81</span> <span class='ocrx_word' id='word_1_217' title='bbox 399 4131 571 4206; x_wconf 90' lang='lat' dir='ltr'>Octobris.</span> <span class='ocrx_word' id='word_1_218' title='bbox 629 4132 820 4205; x_wconf 73' lang='lat' dir='ltr'>lonenses</span> <span class='ocrx_word' id='word_1_219' title='bbox 846 4153 1066 4213; x_wconf 80' lang='lat' dir='ltr'>nrsnnercne</span> <span class='ocrx_word' id='word_1_220' title='bbox 1091 4151 1265 4203; x_wconf 79' lang='lat' dir='ltr'>snernrns</span> <span class='ocrx_word' id='word_1_221' title='bbox 1290 4149 1366 4202; x_wconf 71' lang='lat' dir='ltr'>ven</span> <span class='ocrx_word' id='word_1_222' title='bbox 1392 4148 1673 4213; x_wconf 76' lang='lat' dir='ltr'>esouursrers,</span> <span class='ocrx_word' id='word_1_223' title='bbox 1698 4126 1801 4201; x_wconf 89' lang='lat' dir='ltr'>Dei·-</span> 
     </span>
     <span class='ocr_line' id='line_1_29' title="bbox 400 4245 1779 4349; baseline -0.005 -24"><span class='ocrx_word' id='word_1_224' title='bbox 400 4251 524 4339; x_wconf 87' lang='lat' dir='ltr'>iensis,</span> <span class='ocrx_word' id='word_1_225' title='bbox 562 4250 722 4349; x_wconf 75' lang='lat' dir='ltr'>privatim</span> <span class='ocrx_word' id='word_1_226' title='bbox 765 4250 917 4325; x_wconf 76' lang='lat' dir='ltr'>defensis</span> <span class='ocrx_word' id='word_1_227' title='bbox 953 4247 1131 4337; x_wconf 89' lang='lat' dir='ltr'>thesibus,</span> <span class='ocrx_word' id='word_1_228' title='bbox 1171 4248 1244 4323; x_wconf 85' lang='lat' dir='ltr'>Iur.</span> <span class='ocrx_word' id='word_1_229' title='bbox 1284 4248 1385 4322; x_wconf 86' lang='lat' dir='ltr'>Rom.</span> <span class='ocrx_word' id='word_1_230' title='bbox 1423 4257 1460 4322; x_wconf 89' lang='lat' dir='ltr'>et</span> <span class='ocrx_word' id='word_1_231' title='bbox 1497 4245 1593 4321; x_wconf 81' lang='lat' dir='ltr'>Heu.</span> <span class='ocrx_word' id='word_1_232' title='bbox 1631 4246 1779 4332; x_wconf 89' lang='lat' dir='ltr'>Doctor,</span> 
     </span>
    </p>

    <p class='ocr_par' dir='ltr' id='par_1_12' title="bbox 264 4370 605 4443">
     <span class='ocr_line' id='line_1_30' title="bbox 264 4370 605 4443; baseline -0.003 1"><span class='ocrx_word' id='word_1_233' title='bbox 264 4377 266 4380; x_wconf 79' lang='grc'><strong>’</strong></span> <span class='ocrx_word' id='word_1_234' title='bbox 399 4395 470 4443; x_wconf 85' lang='lat' dir='ltr'>oum</span> <span class='ocrx_word' id='word_1_235' title='bbox 494 4370 605 4443; x_wconf 71' lang='lat' dir='ltr'>honde.</span> 
     </span>
    </p>

    <p class='ocr_par' dir='ltr' id='par_1_13' title="bbox 259 4484 1780 4705">
     <span class='ocr_line' id='line_1_31' title="bbox 259 4484 1780 4573; baseline -0.004 -10"><span class='ocrx_word' id='word_1_236' title='bbox 259 4491 303 4563; x_wconf 96' lang='lat' dir='ltr'>D.</span> <span class='ocrx_word' id='word_1_237' title='bbox 356 4489 620 4565; x_wconf 82' lang='lat' dir='ltr'>7Novembris.</span> <span class='ocrx_word' id='word_1_238' title='bbox 678 4490 912 4563; x_wconf 73' lang='lat' dir='ltr'>(tereremus</span> <span class='ocrx_word' id='word_1_239' title='bbox 947 4508 1150 4561; x_wconf 79' lang='lat' dir='ltr'>coenemus</span> <span class='ocrx_word' id='word_1_240' title='bbox 1190 4507 1398 4573; x_wconf 76' lang='lat' dir='ltr'>vernerus,</span> <span class='ocrx_word' id='word_1_241' title='bbox 1436 4510 1479 4560; x_wconf 88' lang='lat' dir='ltr'>ex</span> <span class='ocrx_word' id='word_1_242' title='bbox 1511 4484 1627 4559; x_wconf 84' lang='lat' dir='ltr'>insuto</span> <span class='ocrx_word' id='word_1_243' title='bbox 1658 4484 1780 4558; x_wconf 83' lang='lat' dir='ltr'>Baude</span> 
     </span>
     <span class='ocr_line' id='line_1_32' title="bbox 402 4604 1778 4705; baseline -0.003 -24"><span class='ocrx_word' id='word_1_244' title='bbox 402 4607 681 4696; x_wconf 72' lang='lat' dir='ltr'>Indo-Batenos,</span> <span class='ocrx_word' id='word_1_245' title='bbox 707 4606 844 4705; x_wconf 86' lang='lat' dir='ltr'>publice</span> <span class='ocrx_word' id='word_1_246' title='bbox 866 4606 1016 4681; x_wconf 79' lang='lat' dir='ltr'>defensis</span> <span class='ocrx_word' id='word_1_247' title='bbox 1039 4605 1215 4693; x_wconf 87' lang='lat' dir='ltr'>thesibus,</span> <span class='ocrx_word' id='word_1_248' title='bbox 1241 4605 1313 4680; x_wconf 90' lang='lat' dir='ltr'>Iur.</span> <span class='ocrx_word' id='word_1_249' title='bbox 1338 4608 1438 4680; x_wconf 86' lang='lat' dir='ltr'>Rom.</span> <span class='ocrx_word' id='word_1_250' title='bbox 1463 4617 1498 4679; x_wconf 91' lang='lat' dir='ltr'>et</span> <span class='ocrx_word' id='word_1_251' title='bbox 1521 4604 1616 4679; x_wconf 92' lang='lat' dir='ltr'>Hod.</span> <span class='ocrx_word' id='word_1_252' title='bbox 1640 4604 1778 4690; x_wconf 88' lang='lat' dir='ltr'>Doctor,</span> 
     </span>
    </p>
   </div>
   <div class='ocr_carea' id='block_1_4' title="bbox 258 4729 1780 5157">
    <p class='ocr_par' dir='ltr' id='par_1_14' title="bbox 258 4729 1780 5157">
     <span class='ocr_line' id='line_1_33' title="bbox 401 4729 753 4828; baseline 0 -26"><span class='ocrx_word' id='word_1_253' title='bbox 401 4755 523 4828; x_wconf 72' lang='lat' dir='ltr'>mapsa</span> <span class='ocrx_word' id='word_1_254' title='bbox 547 4754 620 4803; x_wconf 71' lang='lat' dir='ltr'>eun</span> <span class='ocrx_word' id='word_1_255' title='bbox 642 4729 753 4802; x_wconf 83' lang='lat' dir='ltr'>leude.</span> 
     </span>
     <span class='ocr_line' id='line_1_34' title="bbox 258 4844 1774 4943; baseline -0.005 -20"><span class='ocrx_word' id='word_1_256' title='bbox 258 4850 300 4926; x_wconf 92' lang='lat' dir='ltr'>D.</span> <span class='ocrx_word' id='word_1_257' title='bbox 331 4854 372 4924; x_wconf 96' lang='lat' dir='ltr'>ll</span> <span class='ocrx_word' id='word_1_258' title='bbox 401 4847 616 4923; x_wconf 81' lang='lat' dir='ltr'>Novembris</span> <span class='ocrx_word' id='word_1_259' title='bbox 668 4848 852 4922; x_wconf 77' lang='lat' dir='ltr'>lonenses</span> <span class='ocrx_word' id='word_1_260' title='bbox 885 4849 1056 4923; x_wconf 79' lang='lat' dir='ltr'>n’snurus</span> <span class='ocrx_word' id='word_1_261' title='bbox 1080 4868 1130 4919; x_wconf 82' lang='lat' dir='ltr'>nn</span> <span class='ocrx_word' id='word_1_262' title='bbox 1153 4868 1384 4933; x_wconf 79' lang='lat' dir='ltr'>eoneonms,</span> <span class='ocrx_word' id='word_1_263' title='bbox 1417 4844 1684 4943; x_wconf 70' lang='lat' dir='ltr'>(impingentes,</span> <span class='ocrx_word' id='word_1_264' title='bbox 1709 4866 1774 4940; x_wconf 88' lang='lat' dir='ltr'>pu·</span> 
     </span>
     <span class='ocr_line' id='line_1_35' title="bbox 402 4964 1780 5067; baseline -0.007 -23"><span class='ocrx_word' id='word_1_265' title='bbox 402 4970 490 5044; x_wconf 85' lang='lat' dir='ltr'>blice</span> <span class='ocrx_word' id='word_1_266' title='bbox 522 4968 663 5043; x_wconf 85' lang='lat' dir='ltr'>defenso</span> <span class='ocrx_word' id='word_1_267' title='bbox 696 4967 901 5067; x_wconf 83' lang='lat' dir='ltr'>specimine:</span> <span class='ocrx_word' id='word_1_268' title='bbox 945 4968 1042 5043; x_wconf 79' lang='lat' dir='ltr'>uHct</span> <span class='ocrx_word' id='word_1_269' title='bbox 1075 4968 1227 5041; x_wconf 61' lang='lat' dir='ltr'>umen</span> <span class='ocrx_word' id='word_1_270' title='bbox 1259 4968 1322 5041; x_wconf 79' lang='lat' dir='ltr'>der</span> <span class='ocrx_word' id='word_1_271' title='bbox 1357 4966 1628 5065; x_wconf 75' lang='lat' dir='ltr'>Mautecbapps&#39;j.</span> <span class='ocrx_word' id='word_1_272' title='bbox 1681 4964 1780 5035; x_wconf 76' lang='lat' dir='ltr'>Eone</span> 
     </span>
     <span class='ocr_line' id='line_1_36' title="bbox 1538 5087 1583 5157; baseline -0.044 0"><span class='ocrx_word' id='word_1_273' title='bbox 1538 5087 1583 5157; x_wconf 90' lang='grc'>21</span> 
     </span>
    </p>
   </div>
   <div class='ocr_carea' id='block_1_5' title="bbox 0 0 2501 6164">
    <p class='ocr_par' dir='ltr' id='par_1_15' title="bbox 0 0 2501 6164">
     <span class='ocr_line' id='line_1_37' title="bbox 0 0 2501 6164; baseline 0 0"><span class='ocrx_word' id='word_1_274' title='bbox 0 0 2501 6164; x_wconf 95' lang='lat' dir='ltr'> </span> 
     </span>
    </p>
   </div>
  </div>
 </body>
</html>
