4992 6167
711 706 757 772 44
1019 736 1024 753 ·
1287 696 1663 770 [navales

710 910 861 989 libertati
892 908 1170 1006 humanitatique
1205 905 1377 1006 prueaidio
1407 906 1584 997 futurem,
1616 930 1764 1005 eamque
1799 906 1863 981 hac
1891 903 1928 978 in
1953 902 2060 993 urbe,
2085 903 2233 980 invictae

710 1030 922 1109 ιιιιιιιιίιι
943 1034 996 1103 tot
1017 1026 1193 1125 tantisque
1216 1027 1435 1102 documentis
1456 1036 1629 1127 spectate,
1650 1036 1829 1126 tamquam
1848 1024 1886 1099 iu
1906 1022 2075 1099 liberetis
2088 1024 2234 1099 mereris

709 1148 896 1229 collocevit
944 1148 978 1223 A
1009 1146 1122 1247 parvis
1156 1146 1265 1221 initiis
1300 1146 1452 1244 prolecta
1485 1172 1567 1222 mcx
1600 1146 1717 1223 ecbola
1751 1143 1932 1221 Ieidenaia
1967 1143 2118 1220 mexime
2140 1144 2232 1243 cepit

708 1270 930 1347 incrementa.
979 1264 1087 1367 Vigili
1119 1290 1299 1365 procerum
1333 1290 1417 1342 cura
1444 1266 1756 1367 praestantissimos
1778 1263 1937 1339 doctores
1961 1262 2007 1339 ad
2030 1288 2068 1339 se
2091 1262 2231 1355 ullexit,

709 1390 841 1465 lautam
874 1385 1000 1463 studiis
1030 1383 1273 1483 promovendis
1304 1383 1550 1483 supellectilem
1575 1382 1780 1483 acquisivit,
1804 1382 2052 1482 discipulorum
2075 1382 2231 1483 undique

707 1506 959 1585 confluentium
994 1502 1188 1603 frequentis
1221 1503 1346 1579 eximie
1378 1502 1506 1580 floruit.
1556 1506 1625 1581 Per
1656 1504 1765 1581 sarim
1795 1526 1897 1579 casua
1918 1509 1954 1577 et
1978 1503 2089 1579 multe
2116 1526 2234 1579 rerum

708 1626 907 1703 discrimine
940 1632 1110 1699 trecentos
1145 1647 1255 1699 annos
1291 1624 1409 1714 stetit,
1443 1624 1489 1699 eb
1522 1624 1697 1725 indigenis
1728 1623 1914 1722 periisset
1939 1622 2066 1698 exteris
2093 1622 2232 1699 laudets

706 1755 743 1823 et
779 1747 964 1836 honorata,
1002 1744 1116 1844 genos
1155 1744 1363 1819 Arausiacee
1399 1746 1526 1834 decus,
1563 1744 1694 1845 petrice
1726 1744 1985 1819 firmemcntum
2014 1730 2050 1817 et
2076 1743 2229 1821 deliciae.

705 1867 847 1943 Portam
878 1890 900 1940 a
929 1864 1124 1941 maioribus
1150 1864 1296 1963 glorium
1326 1888 1421 1940 nuno
1444 1865 1550 1940 etiem
1575 1889 1639 1964 pro
1661 1863 1793 1939 viribus
1814 1871 1951 1951 tuetur,
1978 1871 2081 1939 eucto
2105 1863 2229 1939 dcceu·

705 1986 795 2063 tium
827 1984 1104 2082 discentiumque
1137 2007 1300 2072 numero,
1333 1991 1370 2058 et
1401 1984 1594 2059 studiorum
1628 1982 1839 2059 odiumentis
1871 1982 1936 2058 bac
1969 1992 2086 2059 ncatra
2117 1991 2230 2059 estete

704 2104 887 2205 insigniter
915 2103 1133 2201 locupletatis
1154 2111 1190 2177 et
1214 2102 1416 2180 emendetis.
1467 2105 1650 2184 Quantum
1673 2112 1790 2179 cutem
1815 2125 1877 2201 per
1901 2102 1968 2177 tria
1992 2102 2127 2189 saecula
2147 2126 2228 2179 con·

704 2224 823 2301 tulerit
844 2224 890 2300 ad
913 2222 1110 2322 sugendam
1134 2221 1352 2321 ingeniorum
1377 2222 1570 2311 culturam,
1594 2221 1641 2298 ad
1659 2221 1926 2321 promovendam
1955 2222 2226 2314 bumenitstem,

702 2344 748 2420 ud
782 2342 1013 2443 dispellendas
1034 2342 1248 2442 ignorantiae
1273 2349 1309 2418 et
1333 2342 1586 2442 superstitionis
1609 2343 1790 2431 tenebras,
1823 2341 1869 2418 ed
1892 2342 2108 2419 sanctissime
2130 2344 2228 2419 deui-

702 2484 771 2562 qus
790 2461 988 2538 montelium
1011 2460 1088 2536 iura
1108 2469 1247 2537 strenue
1272 2460 1497 2553 vindicanda,
1520 2488 1591 2538 non
1613 2487 1732 2539 meum
1754 2470 1808 2538 est
1831 2462 1897 2539 boc
1915 2462 1990 2539 loco
2010 2464 2227 2541 ambitiosius

700 2580 907 2679 praedicere.
969 2580 1097 2652 Rectcr
1142 2578 1374 2675 Magnificus,
1413 2578 1554 2653 iamim
1593 2602 1711 2654 coram
1752 2582 1851 2680 Rege
1893 2584 2152 2682 Angustissimc
2192 2594 2228 2661 et

701 2699 854 2773 mexime
882 2697 1032 2771 eborum
1064 2696 1308 2771 bonoratorum
1329 2720 1455 2771 corcus
1476 2697 1665 2771 cretionem
1692 2698 1935 2798 panegyricam
1957 2702 2157 2794 bebiturus,
2182 2704 2227 2781 dc

699 2816 907 2892 Academico
935 2814 1237 2890 nostreehistcria
1261 2814 1401 2891 stlatis
1428 2816 1568 2891 uberius
1593 2826 1764 2916 exponet,
1796 2818 1992 2921 animisque
2012 2822 2226 2915 illustribus,

699 2958 848 3036 quarum
870 2934 929 3034 pie
948 2934 1137 3033 gloriamur
1159 2935 1344 3023 memorie,
1369 2936 1462 3010 iusto
1484 2937 1641 3012 encomio
1662 2937 1868 3036 parentabit.
1908 2939 2000 3014 Mihi
2019 2942 2226 3033 Prorectori,

697 3051 872 3128 Praesidio
900 3052 947 3128 ob
980 3074 1121 3126 ιιιιιιιι
1145 3050 1371 3153 iustissimam
1393 3052 1548 3128 absentis
1574 3053 1647 3129 sice
1669 3054 1852 3156 fungenti,
1876 3058 1942 3135 boc
1964 3084 2074 3135 uuum
2101 3062 2225 3139 datum

699 3181 753 3247 est
786 3171 987 3271 negotium,
1023 3176 1063 3245 ut
1091 3168 1186 3259 Vos,
1220 3171 1383 3270 Collegce
1405 3172 1546 3249 aliunde
1570 3175 1743 3270 advenae,
1768 3177 1918 3253 Senatus
1941 3180 2053 3255 verbis
2076 3183 2224 3259 ιιιιιιιι

700 3290 877 3389 Vobisque
913 3289 1043 3389 gratias
1081 3312 1183 3389 egam
1223 3291 1372 3365 sincerm
1405 3291 1453 3365 cb
1491 3292 1655 3378 eximiam
1694 3293 1966 3374 mussolentiam
1999 3309 2036 3375 et
2070 3326 2223 3377 ιιιιοιιιιι

697 3412 907 3499 fraternum,
932 3409 1032 3485 cuius
1055 3408 1140 3485 baec
1164 3408 1240 3510 ipss
1263 3408 1389 3487 Vestra
1408 3414 1600 3510 proesentis
1623 3413 1799 3490 luculento
1820 3418 2020 3494 ιιιιίιιιιιίι
2039 3431 2103 3497 est.
2145 3421 2224 3497 Hac

698 3531 842 3607 bibernc
874 3538 1102 3629 tempestate,
1138 3528 1204 3604 bec
1234 3529 1321 3604 coeli
1354 3530 1579 3631 intemperie,
1610 3533 1696 3633 quid
1725 3534 1798 3610 Vos
1826 3536 1965 3636 impulit
1993 3549 2053 3629 ut,
2087 3541 2222 3617 molesti

698 3648 832 3723 itineris
849 3648 1069 3723 incommode
1087 3648 1174 3722 nibil
1194 3657 1376 3742 curantes,
1397 3675 1468 3725 ιιι
1488 3660 1625 3727 tentum
1640 3679 1661 3727 e
1674 3654 1875 3753 regionibus
1886 3658 2063 3748 finitimis,
2088 3661 2220 3737 sedvel

699 3792 719 3841 e
742 3766 969 3841 dissitiesimis
990 3766 1151 3864 Europae
1171 3768 1329 3865 partibus
1350 3768 1398 3843 ed
1419 3793 1483 3844 nos
1502 3771 1689 3847 tenderetis
1711 3773 1882 3872 seriesque
1901 3785 2036 3852 nostras
2057 3779 2220 3855 triscecu·

547 3978 553 3987 .
700 3888 787 3965 lurco
813 3895 884 3962 tam
908 3885 1039 3985 insigni
1059 3886 1186 3961 bonore
1208 3888 1403 3961 erueretis?
1439 3888 1537 3968 Quid
1560 3889 1655 3965 aliud
1676 3890 1749 3965 Vos
1771 3892 1899 3981 movit,
1923 3895 1992 3969 nisi
2013 3898 2221 3974 conscientia

699 4006 811 4082 fidelis
835 4006 1057 4095 concordius,
1082 4029 1152 4104 que
1173 4004 1300 4080 artium
1324 4006 1572 4106 literarumque
1595 4008 1760 4098 cultores,
1785 4013 2010 4108 quantumvis
2030 4014 2162 4114 origine
2184 4027 2221 4091 ιι

700 4126 810 4225 petris
839 4132 875 4200 et
907 4125 1064 4201 moribus
1095 4123 1242 4214 diversi,
1275 4148 1396 4200 omnes
1426 4126 1602 4202 coniuncti
1630 4152 1706 4203 esse
1729 4130 1919 4221 debemus,
1951 4141 2071 4232 utpote
2091 4137 2220 4235 quibus

701 4266 793 4318 nnus
821 4243 959 4318 unimus
986 4244 1033 4318 sit
1061 4236 1098 4318 et
1121 4267 1231 4319 unum
1257 4243 1348 4319 vitae
1370 4242 1573 4334 consilium,
1599 4256 1639 4321 ut
1663 4250 1840 4325 ιιιίιιιιιιι
1859 4250 2057 4352 indagando
2082 4265 2118 4329 et
2140 4281 2217 4356 pro·

700 4359 861 4462 pcgsndc
895 4362 1032 4460 generis
1066 4363 1209 4438 bumeni
1241 4361 1440 4439 felicitatem
1474 4388 1746 4463 promoveamus.
1811 4370 1911 4449 Quas
1947 4372 1992 4446 ab
2025 4374 2218 4451 illustribus

702 4479 993 4579 Universitstibus
1012 4480 1146 4556 Vestris
1164 4482 1361 4580 accepimus
1379 4482 1558 4583 epistolae,
1579 4488 1749 4564 adventus
1769 4488 1884 4564 Vestri
1903 4490 2034 4568 laetum
2052 4494 2217 4569 nuncium

701 4597 902 4686 afferentes,
938 4622 998 4673 cae
1033 4621 1154 4674 omnes
1189 4600 1284 4678 bunc
1317 4603 1473 4679 animum
1505 4604 1694 4681 fraternum
1720 4610 1769 4684 ite
1789 4609 1986 4707 spirabant,
2019 4622 2060 4688 ut
2082 4637 2218 4689 summo

700 4740 764 4793 uos
785 4714 914 4815 gaudio
934 4716 1190 4816 perfunderent.
1223 4721 1301 4797 Iam
1321 4722 1393 4798 Vos
1411 4734 1609 4822 praesentes
1627 4727 1805 4804 intuemur
1823 4736 1859 4803 et
1877 4754 1991 4806 corum
2014 4732 2216 4809 salutamus.

701 4838 776 4911 Nec
807 4835 997 4913 salutamus
1031 4844 1207 4936 tumqasm
1237 4842 1435 4940 peregrinos
1460 4852 1523 4919 aut
1543 4845 1700 4946 ignctm,
1724 4848 1787 4924 aed
1810 4856 1989 4949 tamquam
2010 4850 2216 4941 familimes,
