4992 6167
767 583 770 587 Δ
840 637 1254 709 sanavornruc.
1746 636 1811 705 saa

287 844 397 919 cedet.
447 843 487 918 si
513 842 602 917 forte
623 843 771 918 aliorum
794 845 932 942 pondm
955 869 1122 921 uumerus
1143 844 1346 934 auctoritas,
1372 867 1442 943 qua
1464 844 1617 934 valeant,
1643 844 1810 943 quodam·

287 963 394 1038 modo
420 988 464 1039 ex
496 963 685 1040 Academia
707 965 880 1062 pendeat,
912 964 1013 1039 cuius
1033 975 1116 1039 sunt
1136 966 1269 1064 publici
1292 963 1466 1053 doctores,
1492 973 1534 1039 tu
1555 972 1674 1040 contra
1698 964 1812 1041 locum

286 1082 439 1158 idustras
459 1108 564 1181 quem
588 1082 736 1161 obtines.
785 1084 840 1157 'I'u
865 1106 963 1157 amor
987 1094 1023 1157 et
1046 1083 1188 1158 deliciae
1208 1084 1339 1183 patriae
1362 1085 1518 1159 nostrael
1557 1083 1757 1184 Aliquando
1780 1085 1813 1159 ei

285 1204 427 1304 culpae,
462 1230 532 1304 qna
564 1203 714 1304 populus
744 1214 860 1279 noster
890 1203 961 1277 fere
992 1203 1079 1278 solet
1102 1228 1263 1301 peccare,
1286 1203 1512 1301 praetendisti
1535 1201 1623 1281 illud
1647 1204 1811 1279 verbum:

290 1325 470 1399 comittere
494 1324 587 1399 idem
616 1347 692 1397 esse
721 1347 823 1421 posse
845 1324 940 1422 quod
963 1321 1118 1397 iacere?
1144 1323 1205 1397 sed
1230 1322 1306 1421 ipse
1330 1321 1417 1396 nibil
1437 1323 1596 1399 omisisti.
1649 1325 1705 1399 Ita
1726 1346 1811 1421 quo-

287 1469 376 1543 quo,
401 1443 545 1525 dmulac
566 1441 757 1519 Academia
781 1452 817 1517 te
845 1442 1007 1530 uocabat,
1034 1442 1328 1542 appropinquasti.
1368 1443 1486 1519 Salrel

594 1606 748 1695 Quodque
769 1606 824 1674 alii
846 1607 985 1675 studium
1007 1613 1117 1675 vocam
1138 1607 1311 1699 durumque
1329 1606 1476 1691 laborem,

597 1716 663 1785 Hic
685 1717 747 1783 tibi
768 1717 860 1784 ludus
880 1718 949 1786 erit

332 1924 434 2014 ribi,
471 1924 680 2000 amicissime
705 1948 771 1999 san
795 1925 1019 2013 Goudoevcr,
1046 1924 1111 2001 hoc
1132 1949 1225 1999 auno
1247 1934 1283 2001 et
1305 1926 1394 2003 laeta
1420 1934 1456 2001 et
1479 1925 1592 2001 tristia
1615 1932 1814 2002 evenerunt

285 2046 403 2121 suum
439 2045 591 2121 dolorem
626 2045 842 2119 muuctando
872 2069 1035 2119 moerere
1069 2045 1197 2135 nolim,
1232 2047 1294 2120 sed
1320 2071 1384 2121 uos
1411 2054 1528 2121 tecum
1559 2045 1685 2135 talem,
1719 2044 1816 2145 quali

286 2165 430 2240 orbatus
462 2190 520 2252 es,
555 2164 668 2239 filium
700 2165 840 2263 lugere,
875 2165 1023 2263 impium
1056 2164 1144 2241 foret
1169 2165 1279 2242 silere.
1343 2169 1490 2254 Quum,
1520 2165 1653 2263 aliquot
1675 2190 1814 2241 menses

286 2294 386 2383 post,
410 2283 540 2378 iestunr
563 2283 756 2389 celebrares
774 2285 888 2383 quinti
914 2284 1135 2384 professionis
1155 2293 1236 2361 tuae
1257 2285 1358 2360 lustri
1375 2283 1520 2359 feliciter
1544 2284 1696 2383 peracti,
1721 2283 1814 2390 timi·

288 2405 397 2479 ditate
422 2405 573 2504 quadam
599 2406 643 2480 ad
669 2413 704 2479 te
729 2405 957 2493 accessimus,
984 2412 1024 2478 ut
1047 2404 1113 2481 tibi
1135 2405 1400 2503 gratularemur.
1440 2404 1662 2499 Accensimus
1686 2414 1814 2479 mmeu.
1917 2473 1921 2479 .

290 2525 516 2624 compertum
551 2523 643 2598 euim
674 2523 909 2613 habebamus,
942 2534 978 2597 te
1006 2548 1075 2598 uon
1103 2524 1213 2599 dolori
1235 2524 1517 2615 succubiturum,
1543 2525 1605 2599 sed
1626 2532 1660 2599 te
1680 2532 1814 2601 erectu-

288 2668 361 2720 ram
382 2643 645 2744 cogitationem
676 2652 711 2716 te
736 2643 856 2717 decere
875 2667 1065 2717 memorem
1089 2668 1165 2718 esse
1191 2644 1294 2718 officii
1318 2668 1400 2742 erga
1422 2643 1572 2743 reliquos
1593 2652 1673 2719 tuus
1689 2643 1816 2721 liberos

287 2774 324 2838 et
353 2789 436 2864 erga
462 2763 711 2852 Academiam
734 2799 781 2813 -
806 2786 913 2860 quam
940 2770 979 2836 ut
1004 2787 1067 2861 per
1089 2763 1218 2838 multos
1240 2785 1350 2837 annos
1372 2787 1474 2837 ornes
1495 2762 1581 2839 laxit
1606 2762 1715 2839 Dens.

334 2882 494 2958 Proiecto
514 2906 618 2957 nemo
638 2880 836 2969 mirabitur,
859 2906 936 2970 me,
953 2882 1135 2956 Rectorem
1156 2881 1382 2982 magnificum
1404 2907 1548 2958 munere
1570 2882 1813 2973 decedentem,

287 3002 416 3104 gaudio
448 3027 528 3077 cum
564 3002 726 3101 superbia
756 3000 909 3101 quadam
940 3000 1124 3075 coniuncto
1150 3001 1260 3089 affici,
1293 3001 1531 3077 rwordantem
1553 3002 1716 3102 pulchras
1738 3002 1816 3079 illas

289 3124 391 3199 lenas
413 3122 667 3210 trisaeculures,
693 3146 781 3219 quus
804 3120 972 3219 gloriosae
997 3120 1211 3197 universitati
1236 3122 1401 3198 Leideusi
1423 3122 1620 3221 nuperrime
1643 3123 1815 3199 celebrare

290 3240 454 3339 contigita
487 3239 724 3315 recordantem
757 3239 861 3314 simul
896 3238 1048 3338 primum
1079 3250 1196 3315 actum
1225 3239 1375 3317 Senatus
1401 3240 1611 3316 Academiae
1637 3241 1750 3332 illius,
1775 3244 1812 3317 in

289 3385 418 3436 nouum
449 3360 604 3435 seculum
639 3360 805 3459 ingressi,
842 3358 935 3433 huno
966 3356 1073 3433 fuisse
1105 3369 1146 3433 ut
1178 3359 1335 3435 doctores
1368 3360 1507 3435 honoris
1532 3384 1637 3436 eausa
1662 3366 1810 3435 crearetc

287 3481 522 3557 recordantem
556 3480 697 3555 tandem
730 3480 821 3555 inter
850 3504 894 3553 ea
917 3478 1059 3553 nomina
1086 3478 1215 3577 quibus
1241 3481 1391 3555 maxime
1417 3477 1701 3579 applauderetur,
1726 3478 1810 3554 emi·

288 3602 406 3677 ruisse
437 3600 580 3676 nomina
614 3599 765 3694 virorum
787 3597 1053 3674 clarisdmorum
1076 3598 1235 3673 Donders
1262 3606 1298 3672 et
1322 3599 1487 3699 Haaug.
1537 3598 1636 3673 Haeo
1658 3622 1738 3675 sera
1757 3608 1811 3675 cst

289 3721 441 3821 dignitas
473 3720 643 3819 equestris
674 3721 720 3795 ab
753 3720 829 3819 ipsa
860 3718 1003 3793 scientia
1036 3717 1184 3793 addicta,
1235 3719 1288 3794 Hi
1312 3720 1442 3797 summi
1470 3726 1552 3794 sunt
1575 3718 1740 3809 honores,
1765 3720 1810 3795 ad

289 3866 377 3940 quos
411 3839 619 3916 &scandere
654 3838 837 3939 possimus.
873 3877 920 3891 -
955 3837 1087 3913 Varum
1122 3862 1235 3937 neque
1268 3839 1328 3915 alii
1362 3848 1446 3916 suut
1478 3838 1723 3914 contemnendi
1748 3846 1811 3915 aut

287 3960 494 4059 aspernandi
515 3959 671 4036 honores.
701 3962 922 4059 Quapropter
944 3969 980 4033 et
999 3958 1065 4032 tibi
1087 3960 1323 4058 gratulamur,
1347 3962 1390 4037 cl.
1414 3959 1572 4049 Doedes,
1598 3983 1703 4058 quem
1719 3960 1811 4060 Regi

288 4080 566 4181 Angustissimo,
591 4078 743 4179 quodie
769 4080 859 4155 festo
882 4078 1183 4167 reminiscebatur,
1208 4104 1245 4154 se
1272 4091 1353 4157 ante
1375 4078 1499 4180 viginti
1523 4078 1679 4177 quinque
1700 4102 1810 4155 annos

287 4224 433 4300 regnum
460 4200 677 4300 auspicatum
699 4224 794 4290 esse,
825 4200 955 4299 placuit
979 4198 1133 4298 equitem
1158 4200 1290 4276 ordinis
1315 4197 1536 4277 Nedrlandioi
1562 4222 1696 4274 casarea
1722 4198 1807 4291 tibi,

287 4320 476 4395 clarissimo
506 4321 603 4420 Bups
629 4320 765 4408 Ballot,
798 4345 902 4419 quem
928 4320 1090 4396 Austriae
1115 4322 1340 4421 Imperatori,
1362 4320 1512 4411 ordinis,
1537 4318 1676 4396 nomine
1700 4321 1807 4395 Fran·

287 4440 370 4516 ciaci
399 4440 534 4540 losepbi
565 4440 743 4540 insigniti,
780 4440 1011 4539 praefectum,
1046 4440 1121 4538 regi
1149 4439 1353 4521 Lusitaniae
1384 4442 1515 4520 ordinis
1547 4440 1666 4515 Sancti
1689 4440 1809 4525 Iacchi

287 4559 396 4660 gladii
427 4560 640 4661 praelectum
675 4583 789 4637 creare
825 4557 972 4658 placuitz
1008 4558 1074 4633 tibi
1112 4559 1263 4661 denique
1288 4564 1333 4640 cl.
1365 4561 1597 4640 ffluwanhoff
1618 4584 1723 4661 quem
1748 4586 1808 4636 rex

288 4679 410 4756 Itabae
432 4680 555 4757 ordine
579 4681 701 4758 Italica
724 4676 875 4756 donarit.

1592 4925 1640 4997 30
