4992 6167
722 654 765 719 46
1297 654 1671 722 [navatae

726 861 917 937 uberrimos
939 861 1072 936 tructus
1091 859 1129 933 in
1148 859 1295 958 patriam
1318 885 1418 936 snam
1437 860 1663 948 rettulerant,
1687 857 1817 957 insigni
1836 855 1989 933 raritatis
2009 847 2246 953 libertatisque

725 982 969 1057 emolumento.
1006 980 1081 1055 Nec
1102 978 1288 1079 quisquam
1310 980 1476 1056 Vestrum
1497 990 1570 1070 est,
1595 980 1681 1079 quin
1701 978 1738 1052 in
1760 976 2006 1052 Studiosorum
2023 975 2246 1053 Iseidausium

727 1101 840 1176 iudice
871 1100 1066 1199 complures
1100 1124 1144 1173 cx
1177 1122 1241 1173 sua
1271 1100 1409 1175 cadone
1433 1100 1481 1174 sit
1504 1108 1716 1198 reperturus
1765 1098 1820 1171 En
1846 1094 2055 1194 reipublicae
2080 1095 2247 1190 literarins

727 1216 922 1319 expressam
957 1220 1166 1319 imaginem,
1204 1220 1367 1293 docentes
1398 1219 1659 1315 discantoeque,
1695 1214 1795 1290 nullo
1824 1214 1969 1312 originis
1992 1220 2056 1289 aut
2080 1214 2247 1326 natnllum

727 1337 945 1427 discrimine,
984 1339 1084 1413 unica
1118 1338 1314 1413 studiorum
1339 1318 1582 1413 communione
1605 1335 1818 1411 mniunctos.
1852 1331 2024 1425 Videtis,
2048 1358 2113 1409 aur
2132 1334 2171 1409 in
2194 1333 2248 1409 lais

728 1456 821 1532 feriis
853 1457 1086 1533 usuaribus
1117 1467 1298 1533 emraneas
1325 1456 1576 1533 Universitstes
1605 1454 1802 1530 invitandus
1826 1477 1902 1530 essa
1925 1451 2183 1541 csmuoeimua,
2208 1463 2249 1529 ut

728 1578 878 1653 laetitiae
903 1588 1038 1653 nostrae
1059 1589 1176 1653 essent
1198 1578 1391 1677 participes.
1442 1577 1512 1651 Sed
1534 1576 1624 1675 qnid
1650 1573 1873 1650 haecomnia
1896 1582 2039 1670 repeto,
2060 1597 2153 1671 quae
2177 1571 2248 1648 Vos

728 1721 849 1771 omnes
871 1722 1006 1772 mecum
1028 1700 1154 1773 sentire
1174 1700 1252 1799 ipso
1273 1700 1426 1772 adventu
1439 1697 1564 1773 Vestro
1579 1692 1796 1772 hauddubie
1812 1693 2069 1769 dsolamristis?
2093 1690 2249 1790 Accipite

707 1816 837 1914 igitur
857 1817 1005 1914 gratias,
1031 1842 1074 1893 ex
1097 1819 1219 1895 intima
1240 1826 1357 1894 monte
1381 1825 1597 1916 expromtas,
1622 1815 1717 1914 quod
1738 1822 1837 1890 tauto
1862 1814 2057 1889 animarum
2079 1836 2251 1889 concursu

640 1936 644 1946 “
728 1944 895 2033 tantaque
931 1936 1168 2014 benevolentia
1199 1938 1410 2013 vocationem
1429 1945 1583 2012 umbem
1604 1934 1796 2033 accepistis.
1844 1934 1901 2008 Sic
1928 1941 2047 2009 antem
2069 1932 2248 2021 habetote,

729 2055 822 2129 hunc
847 2056 939 2131 diem
965 2059 1160 2149 solennem,
1185 2084 1256 2159 qno
1278 2058 1402 2133 Vestra
1427 2057 1621 2157 praesentis
1646 2056 1711 2130 hoc
1733 2055 1933 2131 musculum
1958 2077 2047 2129 novo
2070 2051 2251 2151 splendore

729 2176 881 2263 ornavit,
914 2177 950 2250 in
988 2178 1197 2254 Academiae
1233 2188 1370 2253 nostras
1410 2177 1594 2253 annalibus
1631 2175 1727 2250 nulla
1762 2199 1930 2275 umquam
1969 2172 2142 2274 obliuone
2175 2194 2251 2261 esse

726 2294 960 2371 interiturum.
1013 2298 1118 2375 Quod
1143 2298 1253 2372 Vobis
1275 2323 1335 2373 ore
1358 2309 1395 2373 et
1419 2310 1556 2397 pectore
1575 2296 1725 2372 madido
1745 2295 1803 2371 hic
1823 2295 1938 2393 palam
1959 2295 2180 2393 profitemur,
2211 2289 2250 2367 id

726 2414 820 2503 Vos,
845 2416 880 2489 in
894 2416 1038 2515 patriam
1061 2419 1206 2506 maarai,
1234 2418 1527 2493 Universitatibus
1547 2418 1681 2494 Vestris
1698 2415 1883 2503 nunciata,
1906 2415 1998 2514 grati
2016 2414 2126 2489 animi
2143 2410 2252 2488 nomi

725 2532 929 2631 interpretes
952 2544 1082 2627 estote,
1107 2537 1294 2613 fraternam
1317 2538 1406 2613 hanc
1429 2536 1612 2611 nobiscum
1634 2534 1851 2609 concordiam
1879 2558 2015 2632 semper
2032 2542 2251 2619 conservate,

727 2650 923 2751 nostrisque
965 2654 1077 2727 verbis
1116 2680 1178 2753 pro
1220 2655 1365 2730 Vestrae
1401 2655 1572 2753 cuiusque
1604 2651 1813 2727 Academiae
1850 2653 1962 2729 salute
2004 2655 2137 2753 optima
2174 2660 2253 2727 rota

728 2780 937 2869 nuncupato.
1834 2810 1842 2819 -

777 2890 846 2963 His
876 2870 1018 2978 animis,
1052 2890 1128 2964 Viri
1157 2891 1348 2969 Clarissimi
1370 2902 1406 2967 et
1434 2889 1790 2979 Aestimatisaimi„a
1813 2891 1943 2966 Senatu
1967 2901 2086 2966 nostro
2112 2889 2256 2967 salnmti

588 3000 591 3007 ’
727 3010 796 3082 iam
818 3009 999 3084 nobiscum
1022 3009 1274 3085 communicate
1297 3036 1387 3109 quaa
1410 3011 1554 3087 Vestrae
1581 3002 1692 3085 Vobis
1716 3010 1966 3086 Universitatcs
1989 3011 2253 3087 mandaverunt.

729 3129 811 3205 Qua
835 3129 873 3201 in
906 3152 945 3203 re
970 3129 1042 3203 Vos
1064 3129 1227 3205 invitatos
1253 3131 1376 3219 selim,
1402 3140 1529 3220 uteo,
1554 3156 1624 3231 quo
1649 3132 1776 3229 cuique
1798 3129 1964 3205 Vestrum
1985 3128 2160 3217 rideatur,
2183 3154 2255 3207 ser·

728 3270 849 3335 mone,
874 3249 946 3330 sire
966 3247 1109 3339 Iatino,
1136 3251 1208 3324 sive
1226 3251 1358 3350 patrio,
1386 3251 1542 3326 utamini
1578 3253 1661 3350 Ipsa
1682 3252 1768 3325 baec
1785 3251 1986 3349 linguarum
2010 3248 2189 3324 diuersitas
2202 3292 2256 3315 ι-

728 3390 797 3442 non
826 3368 1054 3467 Babylonica,
1082 3370 1144 3444 sed
1164 3395 1251 3461 ‚vere
1274 3372 1482 3446 Academica
1505 3418 1576 3460 -,
1599 3371 1689 3445 nulli
1710 3380 1867 3446 nostrum
1892 3370 2084 3468 quidquam
2107 3366 2255 3443 difficul-

728 3488 811 3562 tatis
837 3489 1010 3587 paritura,
1035 3515 1116 3565 cum
1142 3490 1247 3565 huius
1271 3490 1351 3565 festi
1375 3491 1491 3567 indole
1515 3503 1551 3566 sc
1575 3494 1709 3567 ratione
1730 3492 1868 3591 egregie
1892 3489 2082 3566 conveniet.

1357 3782 1623 3797 mv

780 3963 882 4039 Quae
910 3960 982 4035 Vos
1015 3962 1169 4037 dicentes
1191 3963 1409 4052 audirimus,
1437 3963 1511 4037 Viri
1531 3964 1740 4052 Clarissimi,
1773 3987 1931 4062 quaeque
1953 3988 1974 4039 a
1994 3962 2106 4038 Vobis
2128 3962 2258 4060 scripta

730 4078 946 4177 accepimus,
970 4104 1011 4155 ea
1031 4082 1133 4157 nobis
1155 4082 1408 4158 iucundissima
1428 4082 1582 4158 luerunt.
1617 4083 1821 4159 Vestrarum
1844 4081 2131 4157 Universitatium
2149 4081 2255 4159 iuter·

733 4209 847 4295 pratea
882 4200 928 4273 ad
960 4224 1025 4275 nos
1058 4202 1250 4301 pertulistis
1282 4197 1467 4301 singularis
1496 4204 1681 4279 voluntatis
1706 4201 1923 4289 testimonia,
1948 4226 2039 4299 quae
2060 4222 2256 4299 numquam

731 4342 800 4391 non
835 4320 952 4393 animo
989 4321 1184 4417 gratissimo
1219 4322 1489 4397 recordabimur.
1537 4322 1637 4397 Haec
1671 4330 1789 4395 autem
1811 4322 2020 4397 documenta
2044 4322 2151 4397 literis
2173 4342 2255 4395 oon·

732 4438 888 4535 signata,
914 4438 1018 4511 simul
1044 4464 1125 4513 cum
1153 4441 1196 4515 iis
1222 4466 1313 4540 quae
1333 4444 1528 4541 complures
1549 4442 1637 4517 aliae
1658 4442 1909 4518 universitates
1932 4442 2132 4542 gratulandi
2151 4462 2258 4515 causa

732 4557 777 4630 ad
813 4580 876 4630 nos
908 4554 1097 4646 miserunt,
1131 4560 1167 4631 in
1196 4560 1346 4636 Senatus
1367 4563 1477 4637 nostri
1498 4564 1670 4637 tabulario
1689 4564 1772 4638 laeti
1789 4587 1998 4661 reponemus
2021 4571 2057 4636 ct
2076 4570 2255 4657 tamquam
2303 4606 2307 4617 -

732 4679 884 4756 aeratam
902 4674 1066 4750 -fideliter
1098 4678 1356 4770 custodiemus,
1388 4706 1458 4756 non
1484 4693 1625 4782 propter
1646 4684 1785 4759 inanem
1810 4682 2011 4779 gloriam,
2034 4679 2097 4754 sed
2116 4678 2155 4753 in
2179 4698 2255 4774 por·

732 4803 874 4893 petuam
898 4793 1004 4871 liuius
1029 4796 1098 4871 dici
1119 4799 1319 4887 memoriam
1343 4808 1556 4898 mutuaeque
1579 4801 1663 4875 fidei
1683 4811 1719 4876 et
1738 4801 1940 4877 concordias
1961 4808 2100 4874 noerae
2119 4820 2255 4873 mmor·
