4992 6167
942 669 1123 736 FATA.
1756 668 1798 735 39

318 995 486 1071 Nondum
503 994 742 1072 calamitatum
755 995 879 1071 seriem
894 996 1128 1073 exhausimus.
1168 999 1390 1073 lectissimos
1411 998 1553 1071 iuvenes
1569 993 1796 1082 Gteiobmeu,

270 1115 376 1214 Lovy,
390 1114 597 1216 Korteweg,
611 1114 743 1214 'l'jeenlr
759 1114 925 1205 Willink,
951 1117 1004 1191 De
1017 1117 1167 1206 Bruine,
1184 1118 1276 1206 Vos,
1289 1117 1367 1191 Von
1381 1118 1574 1204 morien,
1595 1113 1796 1212 Breuuing,

270 1234 456 1311 immature
481 1224 573 1310 mors
598 1236 724 1334 rapuit.

319 1355 373 1431 Er
396 1357 451 1433 his
471 1356 531 1431 elii
553 1355 589 1431 iu
612 1355 727 1433 medio
751 1356 946 1433 studiorum
967 1380 1094 1445 cumo,
1120 1357 1179 1433 etii
1201 1357 1291 1431 ciros
1314 1366 1442 1431 metum
1467 1365 1687 1430 corrneruntz
1712 1363 1796 1429 sunt

270 1486 306 1552 et
329 1476 365 1551 in
387 1476 464 1576 ipso
484 1476 603 1553 limine
626 1476 726 1573 nepti.
777 1476 974 1551 Moerentes
997 1478 1184 1575 quotannis
1205 1479 1303 1551 novis
1320 1475 1588 1551 edotesoentium
1614 1474 1795 1549 funeribus

270 1596 497 1673 &monemur
521 1618 620 1669 senes
645 1592 731 1671 mori
755 1593 901 1681 desere,
926 1595 1066 1671 invenes
1091 1620 1205 1694 posse.

848 1724 896 1789 Sit
917 1724 981 1790 illis
1003 1730 1082 1791 terre
1103 1724 1197 1791 levis!

318 2072 383 2147 lile
407 2072 514 2171 igitur
540 2073 663 2149 eoerbo
685 2079 721 2147 et
744 2072 942 2149 mlemitoee
969 2074 1128 2149 inerunt:
1155 2074 1244 2149 lueto
1269 2081 1305 2147 et
1330 2071 1482 2147 iucunde
1507 2080 1705 2170 supersunt.

319 2311 555 2425 Alexandrum
578 2311 772 2411 Principem
795 2312 1023 2387 Areusinoum
1050 2312 1107 2387 die
1131 2336 1202 2387 vrrr
1228 2337 1275 2388 m.
1302 2312 1389 2387 Muii
1415 2312 1561 2387 summis
1583 2310 1618 2384 in
1647 2320 1794 2409 utroque

269 2433 344 2509 iure
368 2431 556 2507 honoribus
581 2431 720 2507 honoris
744 2455 849 2507 oeuse
870 2431 1120 2532 decoravimus.

316 2669 441 2743 Multis
464 2695 506 2744 ex
534 2679 650 2743 nostro
671 2670 791 2745 ordine
813 2694 901 2745 nove
927 2670 1166 2745 decoramento
1185 2670 1401 2775 obtigerunt.
1461 2669 1617 2766 Insignis
1640 2669 1791 2745 diverso·

266 2814 344 2865 rum
363 2790 524 2865 ordinum
541 2791 755 2889 equestrium
776 2789 867 2864 nunti
888 2798 970 2864 suut
987 2790 1048 2863 viri
1068 2791 1109 2865 ol.
1131 2791 1184 2864 De
1204 2789 1307 2877 Wel,
1334 2788 1456 2883 Rijtre,
1477 2790 1582 2887 Dory,
1606 2789 1659 2863 De
1672 2789 1791 2881 Vries,

265 2908 393 2998 Fruin,
418 2910 535 3009 Buys,
558 2910 729 2999 Kuenon,
754 2908 932 3009 Suringur.

315 3151 475 3225 Instobet
505 3150 615 3225 festus
648 3149 723 3225 dies
748 3133 802 3225 'rrr
834 3150 1017 3240 Octobris,
1052 3175 1122 3249 quo
1146 3148 1362 3225 recolebotur
1384 3157 1483 3248 grets
1509 3150 1673 3225 memorie
1695 3149 1791 3225 urbis

267 3277 402 3345 nostroe
442 3281 522 3344 ente
558 3294 666 3345 nonos
701 3273 774 3345 300
813 3272 1003 3347 arctissime
1035 3270 1214 3347 obsidione
1252 3278 1288 3345 et
1323 3278 1420 3343 motu
1453 3269 1579 3344 eroidii
1614 3270 1789 3345 liberates.

267 3388 461 3463 Celebrevit
482 3388 609 3463 testum
633 3390 725 3464 diem
751 3391 840 3465 leste
862 3392 1000 3481 civitas,
1023 3389 1271 3466 concelebravit
1285 3388 1509 3463 Universites.
1559 3388 1622 3461 Vir
1635 3389 1678 3462 ol.
1694 3390 1789 3464 Tieie

267 3508 303 3581 in
341 3510 426 3582 aede
463 3508 499 3583 S.
538 3509 632 3583 Petri
668 3533 781 3585 eorem
814 3512 912 3610 Rege
950 3520 986 3585 et
1018 3510 1308 3609 emplissimorum
1347 3506 1495 3582 virorum
1533 3531 1657 3582 corone
1693 3508 1789 3607 quod
1937 3509 1940 3516 ’

267 3626 415 3724 quisque
452 3626 487 3699 in
522 3636 658 3726 pectore
693 3630 834 3703 sentiret
868 3636 1039 3703 commoto
1071 3628 1186 3702 animo
1224 3627 1406 3726 verbisque
1441 3627 1675 3703 disertissimis
1710 3653 1788 3726 pro·

267 3747 449 3822 nuntiavit.

292 3969 410 4080 ,Felix
439 3987 561 4062 eduxit
584 3986 658 4061 dies
684 4012 804 4063 xxvrrr
829 3988 1038 4063 Novembris
1060 3988 1247 4064 clarissimo
1272 3990 1325 4063 De
1348 3988 1448 4062 Vries
1474 3987 1666 4061 recordanti
1691 3986 1784 4061 iltius

267 4106 338 4180 diei
357 4108 554 4206 memorium
576 4133 685 4207 quum
708 4118 789 4185 ente
811 4108 873 4182 hos
891 4132 967 4183 xxv
991 4133 1099 4184 nonos
1121 4108 1250 4182 munus
1269 4107 1516 4181 Professorium
1537 4105 1782 4204 suspiceretur.

267 4224 447 4301 concursu
478 4226 568 4302 teoto
603 4229 770 4329 eollegee,
806 4229 926 4317 emioi,
964 4228 1125 4328 discipuli
1161 4236 1291 4302 veteres
1324 4250 1364 4301 eo
1404 4227 1483 4300 novi
1515 4225 1563 4300 ed
1600 4234 1783 4325 congratu-

266 4344 412 4420 lendum
437 4348 632 4423 adfuerunt.

314 4548 475 4682 Supellex
508 4592 544 4659 et
573 4591 759 4684 epperstus
779 4584 892 4657 omnis
917 4585 962 4658 od
988 4584 1104 4658 studio
1127 4585 1340 4659 necessarios
1367 4585 1577 4660 Ouretornm
1605 4582 1786 4682 diligentie

264 4711 299 4778 et
322 4703 526 4780 liberalitate
550 4705 713 4781 omnibus
738 4703 877 4779 abunde
903 4703 1070 4803 suppetiit
1093 4703 1139 4779 od
1166 4727 1283 4779 usum.
