4992 6167
1161 732 1190 799 J.
1226 729 1266 797 Μ.
1301 728 1405 796 ΗΝ
1440 728 1734 793 nemmem

970 908 1066 1006 Humi
1086 938 1182 1025 igitur
1204 936 1327 1025 penitae
1348 940 1494 1023 pereunt,
1518 955 1718 1022 quaeeunque
1739 935 1883 1003 videntur

969 1039 1102 1123 Quando
1124 1038 1187 1105 elid
1208 1063 1245 1107 ex
1267 1040 1329 1106 elio
1350 1040 1450 1107 reficit
1471 1045 1598 1121 netum,
1621 1061 1677 1105 nee
1699 1040 1793 1107 ellam

969 1142 1047 1209 Rem
1070 1142 1157 1231 gigni
1178 1145 1311 1231 petitur,
1334 1142 1396 1209 miei
1418 1150 1517 1210 morte
1537 1141 1645 1209 edium
1666 1142 1774 1210 aliem.

732 1300 786 1395 Bij
810 1299 877 1375 elle
903 1296 1172 1395 verenderingen
1197 1307 1291 1371 meet
1316 1320 1354 1369 er
1379 1295 1446 1368 iete
1469 1294 1639 1388 blijvende
1665 1299 1730 1387 eijn
1752 1294 1790 1367 in
1817 1292 1862 1367 de
1883 1292 1968 1383 etei,
1993 1316 2038 1369 en
2067 1294 2121 1369 dit
2145 1301 2210 1391 eije

685 1418 741 1492 die
766 1418 888 1491 niteret
912 1416 1125 1513 eenvoudige
1149 1414 1221 1489 eich
1247 1415 1284 1487 in
1309 1415 1374 1488 elle
1398 1413 1592 1511 richtingen
1618 1412 1827 1511 benegende
1851 1412 2054 1518 primordie,

1016 1571 1210 1639 immutabile
1231 1570 1314 1637 enim
1337 1569 1484 1656 quiddam
1506 1592 1647 1658 superate
1668 1592 1790 1637 neeesse
1812 1576 1868 1638 ut.

735 1718 802 1794 Die
826 1725 963 1794 etomen
989 1724 1055 1815 zijn
1079 1716 1358 1818 envergenkelijk

1171 1875 1235 1939 sint
1257 1874 1334 1940 haee
1355 1882 1476 1941 aetem·
1497 1894 1621 1939 neeeeee
1642 1880 1699 1944 ut.

687 2024 834 2121 hetgeen
870 2019 1040 2096 verkleert
1072 2020 1133 2093 det
1166 2044 1204 2093 er
1234 2018 1325 2093 niete
1354 2020 1408 2093 uit
1431 2020 1521 2120 miete
1547 2018 1657 2094 werdt
1680 2020 1944 2119 voertgebreeht
1967 2043 2011 2095 en
2041 2020 2102 2097 dm
2123 2021 2213 2095 nise
2319 2106 2335 2130 ,

686 2150 740 2216 tot
764 2142 824 2215 het
848 2140 921 2215 niet
944 2139 1152 2240 terugkeert.

996 2274 1041 2339 m
1064 2273 1210 2359 quoniam
1233 2294 1325 2361 supra
1347 2271 1459 2349 docui,
1479 2271 1526 2337 nil
1547 2292 1637 2359 peeee
1659 2270 1756 2336 ereeri

995 2378 1043 2444 De
1065 2376 1144 2458 nilo,
1168 2400 1268 2464 neque
1290 2376 1374 2462 quod
1396 2375 1537 2462 genitum
1557 2380 1605 2454 eei¹
1626 2373 1666 2439 ed
1688 2372 1735 2440 nil
1757 2376 1909 2456 revomi,

994 2480 1070 2545 mse
1092 2480 1257 2545 immortali
1278 2478 1446 2564 primordie
1467 2498 1593 2563 corpore
1615 2475 1739 2544 debent.

735 2608 805 2678 Det
837 2605 882 2677 de
914 2603 1083 2677 liohemen
1115 2602 1316 2675 vereohillen
1346 2623 1391 2672 en
1420 2600 1650 2686 verenderen,
1683 2608 1779 2674 moet
1804 2602 1873 2675 du·
1894 2602 1931 2678 in
1954 2604 1999 2677 de
2023 2608 2214 2691 metuerem

689 2722 871 2821 beweging
894 2721 955 2794 der
974 2730 1111 2795 atomen
1139 2720 1284 2819 geeocht
1310 2716 1447 2791 worden
1476 2742 1519 2792 en
1544 2718 1583 2791 in
1608 2718 1653 2791 de
1675 2722 1793 2810 wijee,
1818 2742 1954 2820 weerop
1978 2728 2021 2817 eij
2048 2722 2122 2797 eieh
2145 2730 2216 2798 met

687 2841 852 2916 elkender
877 2838 1013 2939 hebben
1039 2838 1247 2913 verbonden.
1330 2864 1333 2867 ·
2199 2860 2203 2868 ¹

736 2962 980 3033 Deeromtrent
1014 2958 1083 3033 ken
1113 2960 1157 3033 de
1186 2956 1419 3055 weereeming
1442 2957 1533 3031 niete
1557 2980 1689 3056 geven,
1712 2980 1809 3030 maer
1834 2967 1947 3033 meoet
1971 2961 2016 3034 de
2037 2961 2218 3060 pheutesie

691 3088 726 3154 te
753 3077 839 3176 hulp
869 3077 1007 3152 komen.
1059 3078 1110 3169 Zij
1144 3078 1291 3151 deehten
1322 3076 1396 3150 eich
1418 3076 1486 3150 den
1511 3100 1607 3150 vorm
1633 3077 1694 3149 der
1722 3084 1860 3151 etomen
1885 3077 1937 3152 ele
1959 3104 2037 3154 zeer
2057 3081 2217 3157 verechil·

658 3198 790 3299 ¹lendz
823 3196 925 3295 glad,
956 3197 1062 3281 rond,
1097 3220 1187 3284 ruw,
1224 3196 1331 3294 spite,
1363 3193 1517 3280 vertekk
1551 3194 1785 3295 heekvormig.
1836 3196 1932 3270 Doer
1968 3198 2110 3275 huenen
2144 3225 2220 3275 ver·

690 3316 902 3393 mhillenden
939 3338 1033 3389 vorm
1071 3339 1115 3390 en
1151 3314 1222 3389 hun
1261 3313 1488 3389 verschissend
1523 3314 1660 3401 eentel,
1699 3314 1783 3389 door
1819 3315 1938 3389 henne
1975 3315 2220 3417 eigeneerdige

692 3435 961 3534 semenvoeging
984 3459 1027 3508 en
1049 3435 1132 3508 door
1154 3434 1272 3507 henne
1292 3433 1518 3533 bewegingen
1543 3433 1696 3533 brengen
1719 3440 1760 3529 eij
1784 3435 1828 3508 de
1848 3435 2094 3511 versehillende
2114 3438 2220 3513 liche-

693 3580 775 3630 men
799 3568 894 3629 voert
918 3555 955 3628 in
981 3553 1113 3641 hemel,
1145 3553 1262 3640 lucht,
1286 3553 1390 3627 eerde
1412 3577 1454 3626 en
1479 3562 1602 3642 ναίοις
1637 3553 1691 3626 dit
1713 3552 1797 3627 elles
1820 3535 1959 3653 bep‘mt
1982 3555 2027 3630 de
2050 3556 2218 3631 vereehei·

692 3673 844 3747 denheid
883 3696 926 3746 en
967 3671 1011 3745 de
1051 3671 1326 3768 eigenscheppen
1366 3670 1429 3743 der
1463 3672 1617 3769 dingen,
1657 3696 1701 3745 en
1741 3673 1810 3749 den
1849 3698 1911 3749 ιοο
1947 3674 2216 3753 vereehillenden

698 3791 855 3879 ineloed,¹
881 3790 961 3864 dien
985 3797 1026 3884 eij
1050 3814 1095 3887 op
1119 3814 1204 3863 onee
1228 3791 1352 3863 zinnen
1377 3789 1515 3866 meken.

909 3934 911 3938 ⁸
956 3947 1061 4031 Atque
1083 3946 1187 4012 eedem
1208 3946 1313 4032 magni
1333 3946 1428 4012 refert
1450 3944 1616 4035 primordia
1639 3968 1729 4035 eeepe

956 4072 1028 4117 eum
1051 4050 1165 4135 quibus
1188 4055 1219 4115 ei
1242 4048 1323 4133 quali
1344 4049 1481 4135 positure
1504 4049 1737 4131 eminentie,

956 4158 990 4219 et
1010 4168 1089 4238 quos
1110 4152 1191 4217 inter
1211 4173 1244 4217 ee
1266 4151 1341 4218 dent
1361 4156 1465 4217 metue
1488 4151 1712 4241 aecipientque.

955 4253 1100 4341 Namque
1120 4253 1226 4321 eedem
1248 4254 1387 4335 eoelum,
1410 4276 1509 4335 mere,
1531 4260 1643 4338 terrea,
1666 4254 1811 4338 flumine,
1835 4255 1931 4324 solem

958 4356 1165 4437 meskitam,
1188 4357 1295 4424 eedem
1316 4358 1436 4443 fruges,
1460 4356 1603 4439 arbusta,
1625 4358 1814 4441 enimentee,

961 4478 1066 4521 verum
1088 4458 1155 4523 aliie
1177 4460 1299 4547 alioque
1319 4460 1410 4525 modo
1432 4460 1597 4527 commixte
1617 4467 1791 4529 moventur.

745 4604 808 4679 Uit
839 4605 884 4678 de
918 4604 1228 4704 noodwendigheid
1261 4635 1327 4685 ven
1354 4612 1399 4685 de
1426 4613 1652 4713 bewegingen
1677 4614 1739 4689 der
1761 4624 1901 4689 etemen
1926 4615 2021 4714 volgt
2046 4614 2091 4690 de
2113 4614 2221 4689 nood-

699 4724 857 4821 wendige
889 4723 1138 4822 opoenvolging
1169 4726 1229 4799 der
1263 4730 1666 4824 netuurvemehijneelen.
1717 4734 1772 4808 De
1809 4743 1948 4810 etomen
1983 4739 2052 4829 siju
2087 4735 2125 4809 in
2162 4734 2224 4808 het

699 4844 863 4943 oneindig
886 4842 1042 4917 verieden
1063 4842 1128 4917 elie
1149 4842 1374 4944 bewegingen
1394 4872 1441 4921 en
1459 4849 1526 4924 elle
1547 4852 1797 4950 verbindiugen
1818 4854 2062 4954 denegem,
2086 4878 2132 4929 en
2156 4860 2224 4947 u'jn
