4992 6167
748 700 814 766 een
972 781 974 786 ¹
1038 679 1042 686 ’
1321 693 1358 760 n.
1393 694 1422 759 r.
1460 691 1701 762 sronvrs

750 905 956 1001 nanwijnen?
1003 901 1195 976 Voornekor
1233 901 1315 975 niet.
1363 901 1512 994 Kennen
1547 901 1630 975 eluit
1665 901 1841 1000 begrinen
1879 901 1915 974 in
1947 901 2030 977 nioh.
2087 899 2284 1000 Begrijpen

751 1024 860 1101 eieoht
889 1025 948 1099 het
980 1033 1170 1096 nentoonen
1205 1045 1268 1095 rao
1302 1045 1365 1094 een
1398 1020 1631 1114 noodnnkelijk
1667 1021 1817 1094 verbnnd
1845 1017 2006 1097 tuenohen
2034 1021 2081 1095 de
2115 1022 2285 1095 verende·

752 1146 873 1242 ringen
895 1145 931 1218 in
956 1145 999 1218 de
1025 1165 1176 1240 organon
1201 1163 1243 1214 en
1268 1140 1312 1214 de
1336 1163 1617 1238 wenrgenomene
1645 1140 1915 1235 rereohijnnelen.
1953 1141 2145 1240 Begrijpen
2175 1142 2287 1214 eieoht

755 1266 813 1339 het
838 1265 972 1338 leveren
1000 1287 1063 1336 ren
1088 1262 1147 1335 het
1175 1261 1313 1355 bewiJs,
1338 1262 1399 1335 dot
1423 1260 1505 1334 dene
1529 1259 1568 1332 of
1587 1283 1676 1358 gene
1705 1261 1928 1360 verendering
1953 1261 1988 1334 in
2011 1263 2072 1336 het
2094 1260 2285 1334 romense!

755 1409 819 1460 ven
860 1385 919 1460 her
950 1382 1167 1482 organismos
1204 1389 1276 1454 met
1310 1379 1601 1472 onverbiddelijhe
1641 1379 1839 1476 strengheid
1876 1381 1961 1479 jniet
1991 1381 2076 1454 dere
2113 1379 2283 1478 bepnelde

754 1506 854 1578 reeks
875 1527 940 1578 vnn
964 1500 1223 1595 verschijnselen
1249 1523 1292 1572 en
1316 1523 1424 1596 geone
1449 1498 1579 1573 endere
1602 1508 1659 1572 ten
1686 1498 1829 1598 gevolge
1854 1498 1922 1574 ken
1948 1499 2097 1574 hebben.
2145 1500 2202 1571 En
2227 1499 2283 1572 dot

755 1623 872 1717 bewije
907 1623 936 1695 is
961 1646 1006 1719 op
1031 1621 1089 1693 het
1118 1616 1242 1717 gebied
1270 1618 1331 1691 der
1353 1618 1707 1716 notnnrwetensehnp·
1724 1619 1796 1691 niet
1824 1627 1857 1692 te
1884 1618 2039 1707 leveren,
2067 1618 2203 1692 nonder
2224 1619 2281 1690 det

757 1743 800 1817 de
833 1742 886 1815 nit
923 1740 967 1814 de
1005 1737 1237 1834 woerneming
1276 1737 1572 1835 voortsprnitende
1611 1736 1799 1835 hypothese
1834 1736 1874 1810 of
1905 1737 2098 1836 verhlering
2132 1762 2197 1811 ann
2236 1738 2279 1810 de

757 1859 993 1960 proefneming
1027 1867 1175 1958 getoetst
1210 1857 1251 1930 is.
1285 1854 1374 1928 ¹Zoo
1408 1856 1541 1931 bereiht
1577 1856 1621 1930 de
1652 1855 1848 1955 pethologie
1880 1856 1938 1929 het
1971 1856 2094 1930 hetdo
2132 1855 2276 1954 tijdperh

758 1981 856 2054 horer
881 1977 1151 2075 ontwikkeling,
1178 1975 1235 2049 het
1259 1976 1427 2074 tijdperk,
1455 1976 1577 2051 wnerin
1605 1984 1645 2068 nij
1671 2001 1755 2050 eene
1781 1975 2000 2049 verklerende
2024 1984 2276 2051 netuurweten·

758 2097 862 2196 sohop
887 2094 997 2170 trecht
1025 2104 1059 2168 te
1084 2094 1229 2168 worden.
1281 2094 1382 2166 Eernt
1403 2094 1439 2166 in
1464 2095 1524 2168 det
1550 2094 1700 2192 tijdperh
1724 2095 1792 2168 kon
1820 2101 1861 2189 eij
1882 2120 1946 2169 nen
1972 2095 2052 2169 henr
2075 2095 2278 2192 nehetendig

759 2220 900 2290 bestnan
936 2238 1023 2313 gean
1052 2213 1221 2306 twijfelen.
1274 2213 1327 2285 En
1353 2226 1432 2286 toen
1456 2238 1504 2287 nn
1532 2213 1576 2287 de
1601 2213 1845 2311 omnenteling
1871 2215 1980 2311 plante
2003 2240 2132 2315 groep,
2157 2215 2215 2288 die
2237 2215 2275 2285 de

758 2336 969 2436 physiologie
1006 2343 1057 2407 tot
1093 2357 1177 2406 eene
1211 2355 1299 2404 were
1326 2315 1546 2406 verhlerende
1572 2333 1915 2431 netunrneteneehep
1941 2334 2090 2423 rerhief,
2115 2345 2197 2408 toen
2222 2335 2274 2406 het

757 2459 957 2549 bewnstnijn
990 2454 1102 2528 overnl
1139 2437 1353 2550 doordrong,
1386 2453 1447 2526 det
1481 2463 1552 2526 met
1590 2453 1748 2526 woorden
1781 2453 1832 2526 ele
1866 2453 2124 2541 levenskreoht,
2149 2455 2271 2538 ziekte,

758 2573 1132 2674 netunrgeneeekreoht
1167 2573 1255 2648 niete
1282 2572 1457 2646 verldeerd
1485 2573 1597 2661 werd,
1622 2583 1702 2646 toen
1727 2573 1770 2645 de
1792 2573 2010 2670 orertuiging
2037 2573 2194 2672 krnohtig
2217 2597 2270 2671 ge·

759 2696 893 2794 veetigd
926 2693 1038 2780 werd,
1077 2693 1137 2766 dot
1171 2692 1215 2764 de
1252 2691 1444 2790 verklaring
1476 2693 1539 2766 der
1555 2693 1828 2783 —rereohijnselen
1863 2715 1926 2766 ven
1963 2693 2021 2766 het
2056 2693 2152 2766 niehe
2183 2694 2270 2767 heren

758 2819 856 2914 lange
891 2836 1022 2912 geenen
1056 2811 1205 2886 anderen
1241 2835 1315 2909 weg
1352 2813 1537 2910 verhregen
1576 2812 1643 2885 ken
1681 2811 1842 2900 worden,
1878 2810 1945 2906 dnn
1973 2811 2029 2884 die
2055 2813 2121 2886 ook
2146 2811 2192 2906 bij
2219 2813 2272 2883 het

759 2933 912 3032 genonde
946 2941 998 3005 tot
1029 2930 1087 3002 het
1122 2931 1199 3004 doel
1226 2929 1330 3018 leidt,
1358 2939 1438 3004 toen
1463 2932 1568 3005 vielen
1596 2931 1658 3004 der
1682 2930 1877 3027 pnthologie
1901 2931 1945 3004 de
1968 2931 2113 3004 eohellen
2138 2956 2197 3003 ren
2226 2930 2268 3000 de

758 3075 878 3150 oogeo.
929 3051 1002 3136 Het
1038 3048 1169 3142 leelijko
1200 3051 1306 3146 jonge
1339 3051 1482 3147 eendje‚
1521 3050 1579 3124 het
1608 3049 1809 3148 eohepsehje
1837 3073 1899 3122 ven
1926 3050 2026 3148 eigen
2053 3050 2195 3123 nenheel
2219 3092 2268 3106 -

718 3227 721 3232 .
760 3194 931 3247 weorvoor
965 3167 1009 3242 de
1047 3167 1241 3265 pathologie
1277 3169 1349 3242 nich
1383 3194 1444 3243 noo
1480 3171 1560 3268 long
1591 3170 1773 3268 gehouden
1802 3169 1869 3242 hed
1890 3215 1942 3230 -
1964 3194 2031 3243 nes
2058 3171 2269 3254 rerdwenen‚

760 3316 802 3366 eo
837 3301 914 3364 toen
950 3295 990 3383 nij
1017 3286 1061 3359 de
1086 3285 1264 3378 heerlijhe‚
1294 3285 1367 3360 nich
1393 3286 1461 3359 nelf
1482 3285 1656 3374 bennato,
1679 3289 1785 3386 jonge
1809 3290 2021 3389 physiologie
2044 3293 2133 3389 goed
2160 3292 2194 3366 in
2219 3292 2270 3364 het

760 3437 826 3509 oog
850 3435 932 3506 neg,
957 3406 1024 3482 kon
1050 3411 1090 3499 eij
1113 3405 1279 3503 juiohend
1306 3405 1502 3504 nitroepen:
1526 3406 1586 3480 dot
1607 3415 1647 3503 zij
1671 3432 1734 3482 vnn
1757 3410 1905 3508 gelijken
1932 3437 2045 3498 vorm,
2071 3436 2136 3486 ven
2157 3411 2271 3511 gelijhe

761 3531 925 3630 roeping‚
954 3551 1016 3602 ven
1044 3526 1169 3623 gelijke
1196 3524 1379 3624 heweging
1402 3526 1454 3600 ele
1479 3551 1567 3626 gene
1594 3552 1673 3602 wos.

812 3770 883 3842 Zoo
914 3773 979 3861 nijn
1012 3767 1078 3839 den
1115 3765 1150 3838 in
1187 3789 1272 3840 onze
1302 3765 1414 3865 dngen
1444 3768 1654 3867 physiologie
1676 3793 1719 3841 en
1742 3769 1936 3868 pnthologie
1959 3769 1994 3842 in
2022 3769 2194 3843 wnerheid
2216 3768 2269 3842 een

764 3887 956 3989 geworden.
999 3886 1051 3980 Zij
1077 3884 1222 3958 hebben
1238 3884 1302 3959 een
1325 3886 1459 3984 object:
1485 3890 1530 3964 de
1554 3889 1925 3983 levenevereehijnselen
1950 3912 2012 3962 vnn
2033 3891 2101 3963 den
2121 3889 2270 3973 mensch,

765 4011 821 4083 die
855 4015 894 4103 nij
922 4008 972 4081 ele
995 4007 1052 4078 het
1079 4003 1313 4100 noodnnkelijk
1339 4008 1462 4106 gevolg
1486 4007 1547 4081 der
1572 4007 1838 4107 wisselwerhing
1865 4009 2026 4082 tussohen
2052 4008 2096 4082 de
2120 4031 2271 4107 groepee·

767 4131 844 4227 ring
870 4128 931 4201 der
960 4136 1096 4200 ntomen
1121 4125 1158 4198 in
1184 4132 1248 4219 nijn
1277 4124 1421 4199 liohenm
1443 4151 1488 4199 en
1511 4127 1555 4200 de
1579 4127 1800 4225 bewegingen
1821 4129 1883 4201 der
1902 4137 2038 4201 ntomen
2060 4129 2144 4201 dnnr
2164 4128 2272 4200 buhen

769 4250 879 4322 willon
908 4247 995 4320 doen
1021 4245 1219 4332 erkennen‚
1243 4245 1484 4344 onrereohillig
1507 4245 1546 4318 of
1567 4246 1625 4319 het
1649 4247 1894 4321 eindresnltent
1919 4249 1994 4320 dier
2017 4247 2274 4342 wisselwerking

768 4369 841 4444 nich
878 4367 928 4440 ele
966 4389 1029 4439 een
1067 4365 1239 4461 genonde,
1275 4365 1342 4439 den
1381 4365 1444 4438 wel
1482 4365 1533 4438 ele
1565 4391 1627 4450 een
1665 4365 1760 4440 niehe
1794 4367 1951 4440 toeetnnd
1980 4367 2180 4465 openbonrt.
2230 4367 2273 4456 Zij

767 4487 901 4561 hebben
937 4483 1020 4558 dene
1055 4485 1234 4558 methodo:
1275 4485 1319 4559 de
1353 4486 1840 4584 notuurwetensohnppelijke,
1876 4487 1933 4560 die
1969 4487 2202 4584 weerneming
2234 4494 2275 4558 en'

769 4605 1005 4704 proefneming
1039 4602 1090 4678 nh
1124 4604 1167 4678 de
1201 4612 1287 4677 tneo
1311 4604 1432 4703 eenige
1454 4605 1690 4679 betronwbere
1713 4606 1835 4704 gideon
1860 4606 2078 4694 beschouwt,
2105 4632 2148 4682 en
2174 4607 2208 4679 in
2231 4605 2271 4678 de

771 4725 958 4825 hypotheee
993 4726 1037 4798 de
1076 4724 1278 4798 leidsvronw
1315 4725 1456 4810 erkent,
1493 4725 1549 4798 die
1576 4726 1658 4800 henr
1680 4727 1746 4800 den
1772 4750 1847 4824 weg
1872 4734 1958 4821 wijst
1985 4727 2085 4824 lenge
2107 4727 2151 4799 de
2174 4747 2272 4822 onge-

771 4845 905 4920 beeode
938 4843 1070 4941 peden,
1107 4868 1196 4918 wnnr
1218 4843 1262 4916 de
1289 4845 1520 4943 wnerneming
1546 4846 1647 4919 heren
1672 4844 1752 4919 teek
1780 4845 1872 4919 heeft
1898 4846 2147 4945 nedergelegd‚
2170 4843 2274 4919 ende
2414 4828 2416 4899 'h
