4992 6167
657 763 659 767 ,
695 651 698 657 ’
765 674 987 741 ruurcra
1022 672 1289 743 caurvou.
1721 628 1796 744 aar

305 879 404 955 Prior
435 879 711 969 Commentatio,
746 881 811 956 boc
843 882 1011 982 insignita
1044 884 1225 971 lemmate,
1260 882 1437 955 Posteurl
1469 880 1492 954 ὰ
1522 882 1558 955 la
1588 887 1783 957 resecasse!

257 1000 467 1099 succinctam
501 1000 656 1076 continet
686 1000 863 1076 historiam
889 1001 956 1090 rei,
989 1026 1080 1101 quae
1106 1002 1143 1075 in
1169 1002 1452 1101 disceptationem
1480 1002 1593 1091 venit,
1626 1002 1782 1078 sednon

256 1121 399 1220 exponit
419 1118 622 1221 praecipuas
645 1121 950 1221 investigationes,
975 1145 1124 1220 quarum
1146 1121 1182 1194 in
1202 1122 1403 1218 quaestione
1425 1122 1554 1197 diserta
1575 1123 1705 1197 mentio
1730 1125 1782 1198 lit.

255 1241 352 1316 Huic
386 1241 548 1315 brevitati
579 1265 795 1340 consequens
827 1247 901 1329 est,
938 1248 979 1314 ut
1011 1248 1217 1340 argumenta
1251 1239 1384 1330 desint,
1423 1241 1552 1339 quibus
1586 1242 1782 1341 disquisitio

256 1361 420 1438 fulcietur
451 1387 492 1436 ac
525 1363 700 1450 firmetur,
730 1371 767 1436 et
791 1358 1038 1436 commentatio
1064 1360 1207 1435 similior
1233 1358 1390 1434 videatur
1412 1362 1607 1460 scriptioni,
1633 1387 1722 1461 quas
1744 1362 1781 1438 in
1880 1380 1882 1383 ·

258 1481 323 1557 hoc
355 1483 454 1556 illove
489 1492 592 1560 coetu
623 1482 778 1579 legatur,
815 1506 921 1581 quam
955 1480 1168 1579 responsioni
1204 1479 1248 1553 ad
1275 1480 1513 1577 quaestionem
1538 1482 1781 1559 academicam.

255 1603 399 1701 Propria
419 1609 537 1677 autem
563 1601 819 1701 experimenta,
844 1626 935 1699 quae
957 1600 1054 1675 Ordo
1075 1600 1326 1700 postulaverat,
1353 1602 1496 1701 scriptor
1515 1602 1651 1677 addidit
1668 1604 1782 1692 nulla,

256 1746 397 1798 causam
419 1720 566 1796 alierens
594 1730 727 1796 tautam
749 1746 867 1796 eorum
891 1722 1152 1809 difficultatem,
1178 1730 1309 1819 quauta
1331 1748 1350 1796 a
1372 1722 1444 1797 cive
1463 1722 1659 1823 academico
1680 1748 1781 1821 supe·

255 1842 323 1917 rari
346 1841 441 1917 baud
460 1841 581 1940 possit.
632 1842 758 1940 ltaque
780 1842 924 1941 scriptor
944 1842 1050 1940 priori
1072 1840 1284 1940 quaestionis
1304 1840 1394 1939 parti
1411 1840 1578 1929 tenuiter,
1603 1841 1783 1940 posteriori

254 1985 395 2061 prorsus
431 1986 501 2044 uon
537 1960 716 2037 satisfecit.
767 1961 863 2037 Hinc
895 1962 1031 2037 cenauit
1067 1961 1185 2050 Ordo,
1222 1984 1304 2035 eum
1340 1960 1444 2035 nullis
1479 1961 1674 2036 ornandum
1706 1985 1783 2035 esse

256 2081 456 2158 honoribus
730 2088 734 2097 ’

304 2201 402 2277 Huic
438 2201 676 2300 Disputationi
708 2201 811 2301 longe
840 2201 1063 2299 multumque
1092 2225 1133 2274 ea
1159 2210 1330 2299 praestat,
1363 2201 1420 2275 cui
1445 2201 1509 2276 boc
1533 2202 1675 2275 lemma:
1701 2202 1781 2276 Noa

254 2323 372 2421 liquet.
423 2322 671 2420 Prolegomeua
700 2322 828 2421 excipit
854 2322 1013 2421 synopsis
1040 2321 1221 2409 historica,
1255 2328 1404 2420 quatuor
1424 2319 1596 2416 capitibus
1622 2330 1783 2393 constans

255 2450 292 2515 et
326 2442 457 2541 optime
492 2440 637 2539 scripta,
674 2466 764 2539 quae
796 2441 890 2516 iusto
916 2466 979 2515 nec
1004 2442 1139 2541 longior
1163 2466 1226 2516 uec
1251 2439 1384 2514 brevior
1406 2440 1607 2539 praecipuas
1628 2440 1782 2514 continet

256 2562 447 2635 sententias
470 2561 515 2635 ad
535 2570 689 2635 nostram
711 2569 861 2635 aetatem
886 2562 921 2634 in
942 2561 1055 2635 lucem
1078 2560 1211 2650 editas,
1237 2570 1277 2634 ut
1300 2560 1351 2633 vis
1373 2570 1675 2659 argumentorum,
1701 2560 1782 2633 inde

255 2680 461 2768 ductorum,
496 2681 631 2754 critices
667 2680 840 2755 severitati
874 2680 1087 2755 subiiciatur.
1138 2681 1241 2754 Hanc
1266 2682 1410 2779 scriptor
1433 2706 1605 2779 nusquam
1629 2681 1782 2779 neglexit

254 2809 291 2872 et
313 2800 471 2898 probavit
490 2800 595 2874 etiam
618 2798 739 2873 iudicii
761 2822 920 2874 acumen.
961 2801 1142 2874 Praeterea
1163 2799 1272 2873 multa
1293 2800 1351 2875 illo
1375 2800 1511 2873 addidit
1532 2801 1780 2898 experimenta,

256 2943 343 3017 quae
379 2920 491 3019 capite
515 2920 640 3018 quinto
668 2918 794 2993 diserte
822 2928 1064 3018 exponuntur,
1099 2943 1213 3018 neque
1240 2919 1479 3017 repetitionem
1499 2930 1646 2995 tantum
1673 2921 1782 2995 couti·

151 3100 156 3105 .
254 3048 338 3113 naut
364 3062 505 3129 eorum,
529 3063 677 3139 quorum
701 3038 824 3113 notitia
845 3039 914 3113 iam
942 3040 1124 3114 nobiscum
1148 3048 1201 3112 est
1220 3039 1494 3127 communicata,
1521 3040 1582 3113 sed
1601 3064 1641 3115 ea
1659 3041 1781 3129 etiam,

255 3179 345 3257 quae
375 3158 524 3257 abipso
557 3160 721 3258 scriptore
752 3158 901 3257 primum
936 3169 1070 3234 tentata
1101 3160 1176 3232 aine
1196 3159 1304 3233 dubio
1329 3185 1370 3233 eo
1394 3160 1584 3258 pertinent,
1611 3170 1650 3233 ut
1676 3184 1780 3259 quae·

256 3278 337 3352 dam
374 3279 586 3378 quaestionis
621 3289 738 3387 partes
764 3280 957 3355 accuratius
982 3279 1218 3378 explorentur,
1247 3304 1358 3376 eaque
1382 3280 1539 3353 universa
1564 3279 1627 3353 hac
1650 3280 1780 3354 ratione

255 3399 398 3497 propius
430 3401 475 3474 ed
514 3397 720 3473 solutionem
763 3399 968 3475 adducatur.
1006 3442 1055 3457 -
1093 3397 1258 3486 Accedit,
1296 3398 1390 3495 quod
1424 3398 1567 3494 scriptor
1598 3397 1779 3496 ingenium

255 3520 380 3616 probat
413 3519 544 3593 iudicio
582 3519 767 3594 subactum
806 3529 842 3592 et
875 3543 954 3593 vero
987 3519 1207 3617 prudentiam
1245 3517 1281 3590 in
1319 3516 1557 3592 concludendo
1590 3518 1779 3593 admodum

255 3636 477 3715 laudabilem.

303 3756 540 3837 Quamobrem
560 3759 605 3833 de
627 3760 736 3834 totius
757 3758 900 3833 Ordinis
921 3757 1092 3831 seutemia
1114 3757 1258 3856 scriptor
1277 3757 1408 3855 positae
1427 3756 1621 3855 quaestioni
1637 3764 1778 3834 omuino

255 3876 451 3969 satisfecit,
476 3902 669 3978 omnesque
701 3880 777 3954 eius
811 3879 898 3953 socii
922 3878 1011 3952 benc
1032 3876 1370 3952 commentationem
1395 3877 1547 3975 praemio
1574 3901 1678 3950 aureo
1699 3878 1776 3977 dig·

253 4020 334 4073 nam
358 4008 578 4074 censuerunt.
627 4002 760 4098 Aperta
782 4000 946 4074 schedula
970 4009 1088 4073 auctor
1113 3999 1241 4097 prodiit

693 4207 697 4213 Ι
715 4139 951 4199 GUILIELMUS
967 4139 1111 4197 DIGNUS
1128 4138 1323 4207 GRATAMA,

691 4297 696 4305 ι
742 4238 809 4289 Part.
826 4238 885 4294 Nat.
902 4237 930 4287 ta
945 4236 1021 4287 acad
1041 4236 1115 4287 uros
1132 4236 1292 4307 Ouadidatas.

302 4360 359 4432 Ad
404 4359 566 4448 alteram,
586 4384 711 4458 quam
749 4368 931 4460 posuerat,
969 4359 1206 4458 quaestionem
1247 4359 1344 4433 Ordo
1380 4356 1515 4433 nullum
1554 4360 1685 4458 accepit
1724 4386 1775 4435 re·

253 4500 430 4575 sponsum.
