4992 6167
719 690 764 755 40
1172 677 1801 761 r.uurusru8.rrut.

771 894 825 968 De
859 892 1014 969 aedificio
1050 890 1258 967 Academico
1290 914 1370 990 spes
1401 890 1528 965 iterum
1561 890 1653 965 furtu
1687 896 1752 965 est
1807 888 2031 985 Quamquam
2052 892 2171 961 eutem
2192 888 2252 985 qui

724 1038 859 1111 semper
892 1022 1032 1111 sperent
1068 1034 1137 1085 noo
1163 1011 1314 1087 multum
1336 1009 1498 1086 sidentur
1521 1035 1543 1084 s
1570 1004 1786 1107 desperando
1814 1003 1954 1095 obesse,
1980 1012 2098 1081 tumen
2122 1004 2252 1103 aliquid

723 1133 855 1211 effulsit
878 1158 987 1209 nosue
1013 1132 1111 1209 lucis.

774 1314 859 1448 Nou¹
887 1396 966 1471 spes
998 1378 1134 1444 tuntum
1165 1373 1226 1443 sed
1252 1367 1302 1443 rei
1329 1368 1451 1442 diuet
1477 1366 1629 1441 multum
1654 1372 1874 1464 exspecteteo
1898 1370 2044 1441 eventus
2069 1365 2199 1441 laetitio
2221 1377 2255 1440 et

724 1496 875 1594 reliquos
906 1514 1027 1565 omnes
1057 1498 1093 1563 et
1115 1496 1195 1563 unte
1220 1512 1342 1563 omnes
1366 1488 1552 1563 Rectorem
1575 1484 1807 1585 Magnificum
1831 1484 1947 1561 effecit
1970 1509 2081 1583 quum
2105 1484 2253 1561 Iubore·

724 1613 853 1689 torium
879 1608 1160 1708 Physiologicum
1186 1608 1234 1682 itu
1262 1615 1352 1682 esset
1379 1613 1522 1681 suctum
1549 1612 1586 1678 et
1610 1604 1861 1703 amplificatum
1890 1611 1932 1679 ut
1953 1604 2041 1679 nihil
2063 1615 2256 1703 superesset

726 1732 930 1831 optandum.

777 1970 891 2044 utiam
917 1966 1179 2043 Leboretorium
1204 1965 1413 2041 Botunieum
1438 1964 1579 2040 taudem
1605 1972 1659 2056 est
1680 1962 1890 2040 absolutum.
1940 1964 2138 2039 Dolendum
2163 1965 2256 2063 quod

728 2116 796 2167 non
820 2078 938 2165 stutiiu
963 2088 1008 2163 ob
1030 2086 1130 2161 initio
1152 2086 1270 2185 peulio
1297 2086 1409 2185 magis
1431 2084 1623 2183 spetiosum
1646 2082 1807 2159 effectum
1828 2092 1892 2159 eet.
1945 2085 2104 2161 Porticus
2125 2109 2255 2161 ucoom·

728 2211 869 2286 modste
903 2206 1079 2282 servandis
1111 2206 1146 2281 iu
1184 2206 1277 2279 diem
1312 2204 1441 2303 ploutis
1478 2212 1541 2280 eut
1574 2202 1621 2278 ud
1657 2204 1892 2303 experimento
1918 2213 1981 2279 out
2013 2206 2059 2280 ud
2097 2206 2256 2281 lectiones

727 2328 928 2405 necessariis
953 2325 1094 2401 omniuo
1120 2334 1193 2400 eret
1216 2324 1421 2400 adiiciendo.
1462 2326 1657 2423 Postquam
1681 2324 1765 2399 sutis
1788 2333 1923 2399 constet
1949 2325 2146 2400 aedificium
2171 2328 2254 2400 Acc-

727 2448 899 2524 demieum
938 2450 1174 2520 constructum
1205 2442 1250 2517 iri
1284 2443 1517 2530 iussores,
1550 2442 1608 2517 cui
1634 2468 1656 2517 e
1682 2441 1783 2517 ruine
1810 2468 1937 2519 nomen
1962 2455 2033 2533 eet,
2065 2445 2182 2521 oblato
2205 2457 2256 2520 est

726 2568 858 2645 occasio
899 2566 1013 2640 omnis
1054 2562 1233 2637 botuuiese
1276 2561 1501 2660 supellectilis
1537 2562 1574 2636 in
1616 2585 1727 2638 uuum
1767 2566 2043 2663 componendus,
2083 2566 2178 2664 quod
2219 2575 2258 2640 ut

728 2686 915 2785 aliquando
938 2688 998 2760 fist
1026 2684 1246 2759 vehementer
1272 2693 1447 2782 optemus.

777 2925 939 3024 Denique
961 2923 1196 2999 Professorum
1221 2923 1305 2997 ordo
1328 2946 1418 2997 nouo
1440 2922 1573 3021 college
1596 2929 1720 2997 auctus
1740 2931 1804 2997 eet.
1840 2924 1884 2995 Iu
1909 2923 2088 2998 clarissimi
2113 2922 2258 2998 Seieuh

728 3047 843 3122 locum
867 3044 1033 3120 suffectus
1057 3052 1111 3118 eet
1135 3044 1185 3117 vir
1200 3044 1383 3143 Zoilogiue
1404 3041 1637 3143 peritissimus
1652 3041 1873 3117 Christianus
1889 3042 2033 3117 Carolus
2045 3042 2257 3134 Hoffmann,

727 3166 789 3265 qui
813 3164 965 3263 suscepit
991 3164 1079 3239 hono
1100 3163 1311 3263 provinciam
1337 3163 1394 3238 die
1422 3186 1489 3237 xrs
1513 3185 1562 3237 m.
1589 3162 1763 3251 Ionusrii,
1788 3161 1907 3238 habite
1927 3163 2080 3239 oratioue
2101 3188 2257 3239 sermone

729 3284 910 3361 vernaculo
932 3283 1097 3383 inscripto
1122 3283 1186 3359 hoe
1211 3283 1331 3359 titulo:
1369 3283 1706 3382 Arbetdewdeelinp
1730 3285 1767 3357 in
1791 3284 1835 3357 de
1861 3290 1996 3359 nonar.
