4992 6167
721 668 764 734 38
1286 664 1694 733 auersatus

776 874 894 949 Huius
915 872 1212 949 commentationis
1233 873 1343 949 lorma
1366 889 1506 972 quoque
1525 872 1701 973 eleganter
1718 868 1842 945 latine
1864 868 2078 969 conscriptae
2096 869 2253 969 aperitis

725 994 900 1068 iudicibus
925 993 1141 1071 laudabatur.

775 1114 926 1189 Tertiam
948 1114 1099 1213 palmam
1120 1113 1214 1213 apud
1230 1136 1293 1187 nos
1308 1112 1389 1185 tulit
1403 1136 1495 1187 anno
1512 1112 1606 1187 1825
1624 1110 1752 1210 scripta
1766 1108 2056 1184 commentatione
2071 1111 2114 1182 de
2129 1109 2251 1185 Hssso.

774 1234 937 1309 Summos
962 1234 1108 1308 bonores
1130 1232 1278 1331 adeptus
1298 1242 1352 1307 est
1374 1256 1465 1307 anno
1490 1235 1585 1307 1826
1607 1231 1736 1331 scripta
1758 1227 1999 1305 dissertatione
2020 1230 2077 1303 De
2090 1232 2253 1304 monades

724 1358 802 1455 epae
826 1355 1024 1429 ardentiore
1046 1354 1190 1427 Insulae
1213 1353 1324 1427 Iasae
1348 1379 1525 1453 coramque
1548 1353 1729 1450 lapidibus.

776 1477 859 1547 Mox
882 1472 1103 1546 Pharmaciae
1126 1472 1387 1564 lectorcreatus
1408 1481 1518 1547 estet
1540 1496 1632 1547 enno
1656 1473 1750 1545 1829
1771 1469 1947 1543 Professor
1965 1476 2063 1543 extra
2085 1468 2251 1543 ordinem

727 1593 812 1667 Iniit
836 1617 965 1667 munus
992 1592 1109 1666 habita
1131 1591 1284 1667 oratione
1309 1597 1351 1668 de
1377 1596 1521 1667 elisseae
1545 1593 1679 1665 artibua
1707 1592 1902 1665 coniunctae
1911 1593 1991 1686 fise
2014 1595 2050 1663 et
2072 1591 2195 1685 officia

775 1714 859 1785 Post
884 1738 993 1786 annos
1019 1722 1151 1809 septem
1175 1712 1447 1788 Professoratum
1472 1710 1657 1786 exordiae
1678 1715 1884 1785 consecutus
1906 1716 1970 1783 est.
2022 1692 2251 1807 Depcsiturus

726 1833 951 1906 Rectoratum
984 1855 1076 1905 enno
1104 1833 1197 1903 1848
1229 1842 1265 1906 et
1290 1835 1478 1907 orationem
1505 1829 1688 1905 habiturus
1712 1832 1755 1903 de
1779 1832 1879 1904 redsa
1900 1830 2112 1903 Academicis
2137 1836 2252 1903 amira

717 1955 924 2050 praesertim
957 1958 1071 2025 aetate
1105 1953 1193 2025 iusto
1223 1954 1337 2049 pretio
1368 1951 1551 2036 habaads'a,
1585 1948 1790 2047 necopinata
1812 1946 1878 2021 sab
1905 1946 2021 2045 ipsum
2045 1945 2252 2021 Academiae

726 2072 875 2145 natalem
910 2070 1073 2144 defuncta
1112 2094 1217 2143 uxore
1252 2071 1377 2168 lugens
1404 2066 1595 2141 Protectori
1621 2065 1785 2140 Scholion
1813 2065 1962 2141 officium
1992 2064 2130 2141 dicendi
2156 2089 2252 2141 man·

725 2192 806 2265 dare
831 2200 970 2265 coactus
996 2199 1059 2265 est.
2137 2198 2141 2207 '

772 2310 898 2383 Multis
920 2308 954 2383 in
979 2310 1048 2382 vita
1069 2308 1258 2383 honoribus
1277 2316 1402 2382 auctus
1422 2306 1655 2405 ordinumque
1671 2304 1886 2403 equestrmm
1899 2303 2098 2402 insignibus
2110 2313 2252 2379 ornatus

648 2511 651 2517 ,
723 2438 759 2503 et
794 2431 829 2502 in
861 2428 1088 2502 Eruditorum
1124 2438 1244 2501 coetus
1269 2437 1450 2527 cooptatus
1471 2427 1520 2501 ita
1545 2425 1765 2526 potissimum
1788 2425 1825 2497 in
1849 2424 2008 2499 Gbimiae
2032 2424 2159 2499 studiis
2180 2448 2252 2499 sen·

724 2557 820 2623 setus
853 2556 906 2620 est
941 2555 983 2619 ut
1014 2573 1055 2621 ex
1092 2546 1150 2620 illa
1186 2546 1329 2620 scientia
1365 2570 1472 2643 quam
1509 2545 1651 2643 plurimi
1690 2544 1824 2619 fructus
1861 2545 1896 2618 in
1936 2546 2181 2643 Agriculturae
2218 2555 2253 2619 et

723 2666 922 2741 Industriae
952 2666 1226 2740 emolumentum
1259 2665 1504 2739 redundarent.
1555 2666 1622 2738 Per
1652 2688 1760 2739 annos
1789 2664 1985 2762 permultos
2015 2665 2180 2739 Societeti
2208 2665 2253 2740 ad

722 2787 990 2886 promovendam
1029 2784 1237 2860 industriam
1274 2784 1423 2883 praefuit
1458 2795 1495 2860 et
1528 2784 1642 2882 operis
1680 2783 1850 2859 Pericdici
1887 2784 1970 2859 buin
2007 2785 2058 2859 rei
2091 2784 2254 2860 destinati

722 2932 840 2983 curam
877 2906 1004 3004 gessit,
1041 2904 1247 2979 lectionibus
1280 2927 1419 3001 quoque
1448 2903 1611 3002 gratuitis
1640 2901 1825 2989 omnibus,
1860 2902 1991 2999 quibus
2022 2902 2082 2976 ille
2113 2928 2169 2977 res
2193 2911 2254 2982 aut

724 3051 827 3101 curae
850 3033 911 3099 aut
933 3024 1095 3121 quaestui
1119 3032 1211 3111 erat,
1237 3048 1376 3122 operam
1401 3024 1576 3122 praestitit
1600 3046 1712 3120 usque
1735 3022 1781 3095 ed
1804 3046 1937 3096 annum
1965 3024 2071 3099 1878.

685 3235 689 3242 Ι
774 3146 1011 3219 Successorem
1050 3143 1173 3217 hebuit
1209 3142 1356 3217 alterum
1392 3143 1607 3217 ordinarium
1640 3141 1808 3216 Iacobum
1841 3142 2034 3217 Martinam
2061 3167 2126 3217 van
2150 3145 2251 3219 Bem-

723 3264 869 3351 melem,
903 3262 1049 3338 alterum
1076 3271 1173 3336 extra
1199 3262 1354 3336 ordinem
1381 3262 1576 3337 Antonium
1603 3263 1754 3336 Paulum
1778 3261 1962 3337 Nicolaum
1986 3264 2250 3353 Francbimont‚

723 3406 870 3481 qnorum
905 3382 982 3469 ille,
1019 3381 1081 3480 qui
1115 3381 1414 3456 observationibus
1445 3383 1608 3457 chemicis
1642 3383 1687 3456 ad
1712 3382 1963 3479 explorandum
1987 3384 2099 3458 solum
2123 3384 2252 3483 patrias

722 3512 859 3575 nostrae
897 3502 1026 3607 samem
1066 3500 1132 3574 sibi
1167 3503 1321 3599 peperit,
1354 3502 1410 3576 die
1440 3526 1517 3577 xxv
1542 3526 1590 3578 m.
1614 3501 1746 3599 Aprilis
1771 3501 1919 3576 docendi
1947 3526 2078 3578 munus
2102 3503 2253 3602 suscepit

724 3646 833 3718 quum
859 3620 978 3717 lingua
1001 3620 1111 3717 patrie
1133 3622 1322 3694 orationem
1351 3620 1493 3695 haberet
1513 3622 1577 3694 boc
1601 3620 1704 3695 titulo
1727 3620 1949 3720 inscriptam:
1975 3626 2018 3697 de
2041 3625 2253 3698 Scleikude

723 3742 779 3813 ala
814 3741 886 3813 leer
922 3742 983 3813 der
1021 3741 1280 3838 Stossoissels'ap.
1339 3740 1455 3827 Alter,
1492 3740 1555 3837 qui
1594 3739 1631 3813 in
1666 3739 1802 3813 eximiis
1837 3740 2079 3816 Universitatis
2116 3752 2251 3818 nomas

724 3858 874 3937 alumnis
909 3857 1021 3932 locum
1060 3858 1214 3946 obtinet,
1252 3858 1341 3931 dixit
1378 3859 1436 3933 die
1474 3884 1504 3932 11
1540 3884 1587 3935 m.
1626 3858 1715 3937 Maii
1755 3860 1799 3934 de
1831 3872 2038 3959 argumento
2074 3864 2251 3939 comacula

723 3978 904 4078 inscripto:
932 3980 974 4052 dc
998 3979 1242 4053 vmsclillcade
1266 3979 1471 4075 Richts'npea
1496 3981 1558 4053 der
1588 3979 1732 4054 caeca,

774 4216 873 4288 'Idem
900 4241 1013 4290 annus
1038 4216 1181 4291 Scholae
1205 4214 1347 4289 Indicae
1371 4223 1611 4290 omamsntnm
1636 4215 1774 4315 eripuit.
1825 4215 1889 4289 Vir
1910 4217 2032 4291 multis
2051 4218 2250 4293 nominibus

725 4332 837 4409 clerus
861 4334 951 4407 'Paeo
976 4334 1113 4407 Rocrda
1138 4336 1285 4409 excessit
1308 4360 1329 4408 e
1354 4335 1434 4410 vita.
1803 4320 1808 4328 ²

773 4454 852 4525 Non
891 4462 945 4526 est
978 4462 1132 4526 nostrum
1170 4454 1232 4527 riri
1267 4455 1392 4530 merita
1424 4478 1627 4529 enumerare
1655 4462 1720 4529 aut
1742 4454 1847 4531 vitam
1871 4456 2030 4532 scabere.
2079 4456 2249 4531 Fecerant

724 4570 783 4646 alii
817 4571 931 4644 idonei
967 4582 1071 4645 testes
1104 4596 1144 4645 ec
1180 4572 1333 4664 iudices3
1373 4574 1435 4649 sed
1469 4574 1684 4649 servabimus
1717 4596 1844 4677 omnes
1868 4575 2156 4672 praestantissimi
2188 4575 2250 4650 ’ἤι’

724 4689 946 4777 memoriam,
973 4689 1073 4762 cuius
1101 4689 1204 4763 etiam
1235 4690 1271 4764 in
1304 4701 1465 4788 prouecta
1493 4702 1607 4767 aetate
1634 4691 1808 4768 indefessa
1833 4683 2007 4771 industris
2028 4704 2065 4769 et
2090 4695 2247 4771 studium

724 4808 848 4883 ardens
873 4808 1065 4882 iunioribus
1089 4808 1252 4882 omnibus
1276 4812 1434 4909 exemplo
1458 4836 1537 4887 esse
1560 4821 1705 4911 poterat
