4992 6167
803 622 1220 695 REDEVOERING.
1709 625 1774 691 11⁷

297 830 373 903 Een
405 827 468 903 der
502 828 806 930 merkwenrdigete
838 832 1099 929 vereehijneelen
1135 834 1172 909 in
1209 833 1269 909 het
1303 835 1401 908 leven
1435 855 1501 909 ven
1526 830 1647 907 enkele
1672 829 1773 905 mier-

250 955 385 1030 eoorten
409 946 440 1021 is
463 948 525 1023 het
548 947 693 1025 beetenn
716 972 782 1025 ven
805 951 983 1047 elevemij,
1008 976 1144 1053 wnerop
1167 976 1248 1028 voor
1271 978 1335 1029 een
1357 952 1515 1053 gedeelte
1538 952 1583 1026 de
1605 949 1772 1027 hniehon·

250 1067 336 1167 ding
355 1066 429 1142 dier
451 1076 544 1143 eoort
566 1066 708 1159 bernnt,
732 1093 797 1145 een
819 1071 1039 1167 vereehijneel
1061 1072 1120 1147 het
1140 1080 1230 1147 eeret
1254 1074 1340 1148 door
1362 1072 1487 1147 Huber
1511 1093 1772 1171 weergenomen

250 1212 294 1263 en
319 1186 549 1277 beeehreven,
581 1189 668 1264 lnter
691 1189 775 1266 door
800 1187 914 1289 νοεῖ,
939 1190 1121 1282 Intreille,
1147 1191 1310 1267 Henhert
1332 1216 1378 1267 en
1400 1195 1552 1269 anderen
1577 1192 1771 1291 beveetigd.

299 1308 354 1382 De
382 1308 517 1384 Mieren
548 1309 685 1405 weerbij
713 1310 794 1385 nnlk
818 1334 903 1385 eene
930 1310 1087 1406 elevernij
1111 1311 1142 1386 ie
1167 1335 1453 1411 energenomen‚
1482 1319 1550 1408 rijn
1572 1311 1684 1386 onder
1706 1312 1774 1386 den

250 1450 353 1502 neem
383 1452 447 1503 vnn
477 1428 618 1503 Slnven·
648 1429 688 1504 of
708 1430 1041 1506 redonen-neten
1067 1430 1215 1507 bekend.
1267 1430 1341 1505 Het
1368 1436 1433 1524 nijn
1458 1432 1571 1506 voornl
1596 1432 1641 1505 de
1665 1433 1775 1507 Euro·
1820 1529 1824 1537 .

187 1620 191 1627 ,
251 1545 398 1646 peesehe
430 1548 562 1623 mieren
596 1548 653 1623 die
688 1550 755 1625 den
790 1550 984 1626 elevenroof
1014 1575 1059 1649 op
1092 1560 1211 1651 grente
1243 1550 1358 1627 echnel
1391 1551 1533 1646 drijvens
1584 1552 1656 1625 Ζοο
1685 1552 1720 1625 b.
1743 1574 1775 1626 v.

251 1691 376 1743 meren
408 1668 453 1743 de
483 1679 640 1769 grootere
673 1670 778 1746 roode
807 1670 936 1745 mieren
968 1671 1139 1764 (Formiae
1161 1670 1238 1745 rufe
1260 1694 1303 1745 en
1329 1671 1487 1747 Formica
1510 1670 1698 1762 rnfeeeene)
1733 1670 1778 1745 de

251 1812 389 1887 poppen
422 1812 487 1864 vnn
520 1791 564 1865 de
595 1790 746 1871 kleinere
777 1800 900 1865 nwnrte
936 1790 1065 1867 mieren
1098 1792 1271 1884 (Formica
1299 1792 1423 1885 fuere).
1474 1792 1529 1883 Bij
1553 1790 1598 1864 de
1622 1797 1778 1888 grontere

250 1908 355 1983 mode
386 1909 516 1984 mieren
551 1909 677 1987 komen
715 1909 877 2004 namelijk
906 1934 1001 1985 maer
1035 1910 1109 1985 drie
1134 1912 1281 1985 stenden
1308 1935 1406 2000 reor,
1431 1909 1657 2011 gevlengelde
1682 1934 1779 1984 men·

250 2026 362 2125 netjee
392 2052 437 2102 en
469 2029 590 2129 wijdjee
613 2055 656 2106 en
680 2030 953 2131 ongevlengelde
984 2030 1218 2107 werkmieren.
1269 2032 1313 2105 In
1338 2030 1450 2129 plante
1473 2029 1591 2105 eehter
1614 2029 1676 2105 det
1697 2028 1781 2103 dene

251 2148 481 2222 werkmieren
506 2149 590 2225 haer
613 2150 712 2250 eigen
737 2149 830 2228 work
849 2149 1060 2240 verriehten,
1078 2174 1204 2227 rooven
1223 2158 1264 2246 eij
1285 2151 1338 2225 nit
1355 2150 1400 2226 de
1417 2158 1537 2225 neeten
1554 2150 1616 2223 der
1631 2147 1781 2223 kleinere

253 2274 380 2342 everte
419 2268 548 2343 mieren
587 2269 631 2344 de
668 2293 804 2370 poppen
839 2270 982 2345 wenrnit
1012 2270 1187 2348 nrbeidern
1217 2271 1329 2347 nnllen
1358 2270 1496 2345 kemen.
1547 2269 1600 2342 De
1622 2268 1676 2342 nit
1699 2268 1781 2343 dene

253 2410 392 2486 poppen
429 2387 599 2485 gekomen
639 2390 861 2465 werkmieren
896 2390 1049 2485 echijnen
1084 2390 1170 2467 leter
1204 2391 1330 2490 weinig
1360 2388 1432 2464 lust
1466 2399 1502 2463 te
1533 2389 1696 2487 gevoelen
1723 2411 1783 2461 om

252 2529 339 2581 nnnr
374 2506 457 2582 henr
489 2510 589 2608 eigen
621 2518 708 2585 stem
744 2519 846 2608 terug
877 2519 912 2584 te
949 2510 1095 2597 keeren,
1129 2517 1169 2606 eij
1193 2508 1330 2584 werken
1357 2510 1393 2583 in
1415 2509 1475 2583 het
1497 2518 1574 2583 nent
1598 2508 1659 2581 der
1679 2506 1782 2581 roede

176 2709 180 2717 1
250 2624 383 2699 mieren
408 2627 615 2723 gewoonlijk
642 2627 694 2702 ele
718 2629 832 2703 elever
857 2629 897 2702 ef
917 2654 1008 2728 genn
1032 2629 1119 2704 leder
1143 2629 1235 2704 nelve
1259 2628 1361 2703 mede
1385 2652 1431 2726 op
1454 2626 1532 2701 roos
1553 2626 1616 2701 uit.

301 2743 356 2817 De
377 2743 572 2820 elevenroof
590 2748 700 2821 werdt
720 2746 804 2822 door
824 2749 870 2823 de
889 2750 994 2824 roode
1018 2746 1149 2824 mieren
1171 2774 1216 2847 op
1235 2747 1281 2822 de
1296 2747 1463 2847 volgende
1487 2752 1580 2842 wijee
1599 2746 1782 2844 gedreven.

252 2862 315 2937 Nn
342 2887 425 2939 eene
459 2863 585 2940 lokken
618 2874 659 2963 eij
689 2868 733 2942 de
757 2867 898 2967 geheele
922 2868 1139 2964 etrijdnrneht
1163 2869 1225 2943 der
1251 2878 1398 2941 nwnrten
1423 2874 1476 2940 tet
1500 2890 1563 2941 een
1589 2865 1783 2964 openlijdren

253 2981 407 3080 veldelng
444 2984 519 3074 uit,
553 2987 674 3081 terwijl
706 2987 906 3061 intueeehen
941 3011 1005 3061 een
1036 2985 1129 3061 klein
1161 2986 1257 3084 leger
1293 2984 1355 3059 der
1382 2984 1510 3059 rooden
1535 2984 1595 3057 het
1621 2994 1701 3057 nent
1722 2983 1784 3057 der

254 3112 401 3177 ewernen
437 3104 622 3204 plundert,
660 3107 730 3181 den
764 3107 877 3181 weder
911 3116 1041 3181 stetten
1076 3106 1121 3179 de
1157 3105 1287 3181 roeden
1319 3104 1393 3179 rieh
1426 3105 1463 3179 in
1498 3101 1782 3201 engeloofelijken

255 3222 369 3322 genle
392 3248 437 3323 op
459 3224 519 3299 het
543 3235 621 3301 nest
642 3227 705 3301 der
730 3242 897 3316 werten,
924 3227 1114 3321 verdrijven
1138 3225 1220 3300 dene
1245 3225 1298 3299 uit
1319 3222 1402 3298 here
1423 3224 1563 3321 woning
1586 3247 1629 3297 en
1657 3245 1782 3297 nemen

257 3340 303 3414 de
335 3366 472 3441 poppen
505 3346 618 3422 mede.
672 3347 744 3421 200
771 3347 896 3427 keeren
931 3346 976 3421 de
1004 3345 1132 3419 rooden
1154 3354 1235 3419 met·
1252 3341 1361 3439 rijken
1384 3340 1463 3415 buit
1484 3342 1698 3417 hnieweerte
1739 3343 1783 3415 In

258 3460 303 3535 de
341 3462 515 3558 nebijheid
550 3465 611 3540 der
647 3465 785 3565 woning
818 3466 953 3541 worden
986 3470 1027 3559 eij
1062 3463 1265 3562 opgeweeht
1290 3462 1375 3535 door
1398 3462 1443 3537 de
1466 3460 1603 3549 elenen,
1637 3461 1695 3537 die
1715 3460 1782 3536 den

257 3581 338 3656 buit
369 3582 405 3658 in
442 3594 630 3684 ontvenget
666 3610 790 3661 nemen
817 3610 862 3661 en
888 3584 1044 3680 eomtijde
1070 3582 1152 3657 nelfs
1172 3582 1218 3657 de
1244 3581 1439 3655 vermoeide
1463 3581 1617 3676 etrijdere
1640 3605 1685 3680 op
1710 3580 1782 3655 hun

255 3724 324 3800 rng
349 3725 431 3779 neer
456 3702 534 3778 huin
558 3704 701 3803 dregen.

306 3820 390 3895 Niet
423 3822 558 3898 minden
586 3823 838 3923 merkwnerdig
872 3823 939 3899 dnn
967 3822 1013 3897 de
1040 3823 1275 3897 slav'eneteten
1297 3826 1363 3915 rijn
1392 3820 1436 3894 de
1460 3821 1548 3895 nonf-
1568 3821 1609 3894 ef
1628 3819 1793 3894 militen.

259 3946 371 4014 steten
407 3941 516 4015 onder
551 3942 595 4018 de
628 3944 777 4031 micton,
817 3944 874 4019 die
908 3942 955 4038 bij
987 3943 1127 4016 denen
1164 3939 1208 4013 de
1242 3963 1360 4014 nevers
1395 3939 1457 4013 der
1492 3939 1784 4015 Amenoneririer

259 4061 425 4135 wonende
467 4073 602 4138 eoorten
646 4088 710 4138 ven
757 4066 815 4138 het
854 4059 1258 4139 zeid-Amerikenneehe
1293 4058 1448 4158 geelenht
1484 4059 1606 4135 Edrton
1645 4059 1782 4135 worden

259 4202 530 4279 energenomen.

310 4299 363 4374 De
393 4301 534 4377 Ecitnns
564 4303 604 4377 of
623 4304 826 4379 ronfmieren
850 4302 1062 4379 kenmerken
1086 4300 1159 4375 nich
1181 4300 1267 4373 door
1290 4298 1335 4371 de
1358 4309 1478 4397 grente
1502 4298 1590 4372 reof-
1612 4324 1656 4373 en
1679 4301 1779 4399 plun-

259 4416 458 4495 dertoehten
496 4422 554 4498 die
589 4430 631 4516 eij
662 4426 698 4498 in
730 4424 818 4522 goed
851 4419 1135 4522 georgenieeerde
1166 4419 1277 4522 legere
1309 4418 1552 4495 ondernemen.
1604 4418 1685 4493 Oolr
1709 4420 1782 4494 bier

259 4546 460 4615 ontmoeten
501 4542 556 4641 wij
591 4544 662 4617 vier
695 4542 865 4631 etnnden,
901 4539 1125 4642 gerleugelde
1161 4537 1352 4636 mennetjes
1387 4562 1431 4613 en
1466 4539 1607 4637 wijfjee,
1643 4540 1700 4613 die
1729 4551 1782 4613 ter

258 4655 558 4760 inntnndhouding
581 4662 642 4737 der
662 4672 755 4737 eoort
775 4662 921 4749 dienen,
944 4687 987 4737 en
1009 4660 1178 4737 tweedrlei
1200 4668 1293 4755 neore
1308 4681 1373 4733 ven
1388 4658 1657 4758 ongevleugelde
1672 4658 1780 4733 erbei·

259 4773 337 4851 dere
369 4803 434 4854 vnn
460 4782 706 4857 rereehillende
727 4791 862 4881 grootte
888 4806 931 4857 en
958 4805 1063 4857 vorm.
1116 4780 1171 4855 De
1196 4780 1396 4878 elgemeene
1420 4777 1781 4877 dienetpliehtigheid‚
