4992 6167
889 717 1280 787 aauocurwt
1793 718 1837 785 lb

315 926 420 1023 longo
451 922 551 999 nobis
587 946 655 999 usn
687 923 874 1001 devinctos.
925 927 1033 1002 Multi
1070 927 1164 1003 anim
1200 934 1358 1004 nostrum
1393 927 1484 1002 inter
1516 926 1588 1002 Vos
1620 924 1837 1026 conspiciunt
1951 916 1956 919 ’

316 1050 446 1118 ratores
467 1044 614 1132 amicos,
646 1042 781 1120 dudum
808 1044 875 1121 sibi
899 1045 1115 1137 canssimos;
1139 1046 1227 1121 nulli
1249 1053 1365 1122 autem
1392 1045 1568 1147 incognita
1592 1054 1676 1120 sunt
1696 1043 1837 1119 nomina

316 1170 353 1237 st
381 1163 504 1238 manta
533 1161 677 1253 Vestra,
711 1164 749 1239 in
782 1164 958 1263 republica
991 1165 1139 1241 literaria
1163 1173 1298 1264 »quanta
1328 1188 1411 1240 cnm
1439 1164 1542 1241 huda
1569 1164 1750 1241 celebrata.
1802 1162 1835 1237 0

315 1306 421 1382 quam
454 1291 593 1382 gratum
627 1290 663 1358 et
697 1282 924 1361 honorificum
957 1285 1021 1361 hoc
1054 1285 1141 1361 milri
1174 1284 1319 1372 accidit,
1355 1292 1407 1358 tot
1438 1286 1549 1372 suos,
1583 1284 1627 1361 de
1661 1283 1769 1359 literis
1796 1307 1837 1359 ac

315 1401 506 1501 disciplinis
527 1402 785 1492 meritissimus,
811 1404 961 1481 salutare
977 1406 1014 1479 in
1038 1404 1102 1481 hoc
1123 1413 1240 1480 nostro
1259 1403 1440 1491 cenaculo,
1464 1404 1634 1479 clarorum
1656 1403 1837 1477 bominum

314 1520 526 1620 imaginibus
557 1521 712 1619 undique
746 1523 930 1613 distincto,
955 1524 999 1599 de
1024 1549 1094 1626 quo
1123 1547 1282 1601 summus
1311 1544 1557 1620 urnauaarus,
1582 1522 1726 1611 Vestra,
1750 1524 1837 1597 Ger·

314 1640 428 1729 mani,
461 1641 588 1741 glorio,
620 1650 769 1719 testatus
792 1650 862 1733 cst,
896 1653 1015 1721 restra
1037 1645 1218 1721 Graeciam
1244 1651 1281 1718 et
1300 1642 1438 1717 Italiam
1459 1642 1596 1717 nullum
1624 1666 1699 1718 esse
1723 1642 1837 1717 locum

306 1760 498 1861 philologis
528 1762 771 1839 saucdorem.”
822 1764 877 1839 En
907 1764 978 1839 Vos
1009 1764 1208 1863 adspiciunt
1235 1783 1461 1850 ennomus,
1485 1783 1624 1835 naman
1645 1783 1837 1849 narramus,

315 1903 466 1970 somus,
500 1903 738 1972 aaaraourus,
770 1905 1015 1975 auusuuos,
1047 1897 1377 1970 mauranusrus,
1412 1902 1674 1971 concarrusu,
1707 1888 1839 1979 quanta

312 1999 518 2100 philologiae
537 2001 691 2077 luminal
732 2002 787 2076 En
809 2026 989 2093 voacrurr,
1014 2026 1227 2093 uocoururr,
1253 2022 1550 2091 sonunrmarurrr
1567 2024 1611 2075 en
1630 2018 1837 2089 sanarum,

314 2140 553 2209 arraoonrnrr,
584 2143 822 2211 amararum,
845 2147 890 2199 en
917 2123 1067 2222 danique
1093 2144 1360 2211 anaauavrurr,
1384 2142 1696 2209 aaarmannrurr,
1720 2143 1837 2195 recen·

313 2237 429 2336 tisqoe
452 2238 637 2314 memoriae
663 2263 855 2316 ursanum
876 2251 1045 2319 nostrum.
1096 2242 1237 2324 Quibus
1262 2243 1293 2315 si
1315 2239 1482 2316 addidero
1505 2261 1643 2315 mercar
1665 2260 1837 2326 amaron,

314 2362 565 2450 nonousaurr,
587 2382 788 2449 comum,
805 2384 1015 2453 amanium,
1037 2387 1073 2439 a.
1088 2387 1115 2437 1.
1132 2382 1313 2449 vossrurr,
1330 2381 1510 2447 mauron,
1525 2379 1837 2445 vanonnsasunr,

315 2500 631 2569 cummium,
663 2503 832 2569 aanor,
864 2504 1149 2571 rnoaanorrrnrr,
1175 2503 1324 2579 quorum
1348 2478 1405 2553 hic
1426 2476 1666 2553 desiderantur
1687 2476 1838 2575 effigies,

314 2620 384 2672 non
418 2621 533 2672 vereor
563 2622 608 2673 ne
644 2599 739 2697 quod
777 2623 904 2677 nomen
936 2600 1160 2699 protulerim,
1195 2598 1292 2698 quod
1320 2597 1483 2695 cuiquem
1509 2596 1673 2672 Vestrum
1700 2594 1838 2669 nonsit

312 2715 444 2815 optimc
475 2726 608 2794 notum.
659 2718 846 2795 Nominari
875 2727 1012 2797 tantum
1038 2719 1242 2820 indigenas,
1277 2718 1429 2793 interra
1454 2717 1587 2792 Batava
1612 2723 1674 2791 aut
1696 2714 1838 2814 Belgica

312 2843 424 2911 natos.
473 2837 523 2911 At
558 2836 637 2913 illas
671 2837 859 2939 imagines,
900 2863 989 2939 quas
1023 2840 1081 2939 pio
1113 2848 1282 2939 gratoque
1314 2836 1431 2912 anirno
1465 2835 1692 2936 suspicimus,
1729 2858 1836 2934 qnam

314 2955 506 3032 luculenter
540 2958 645 3034 simul
675 2967 932 3058 repraesentant
962 2959 1263 3060 frequentissima,
1298 2981 1388 3057 quae
1410 2942 1563 3032 nostram
1587 2957 1679 3032 inter
1703 2955 1837 3031 Acade·

302 3075 419 3151 mium
450 3086 487 3152 et
512 3084 693 3155 oxtrmeaa
720 3079 969 3156 Universitatas
991 3080 1260 3156 intercesserunt
1283 3078 1497 3154 commercia
1548 3077 1657 3152 Hunc
1677 3085 1836 3151 nostrum

313 3218 500 3273 rosarraurr
534 3220 789 3289 soanroaanrr,
826 3200 938 3276 urum
972 3224 1081 3299 paene
1118 3197 1445 3297 incomparabilem,
1479 3197 1573 3272 hunc
1607 3219 1839 3283 mansarum,

225 3368 228 3373 ,
313 3337 393 3389 cum
416 3338 585 3393 nomano
607 3326 645 3393 et
671 3342 824 3410 cunero,
849 3318 981 3409 Vobis,
1009 3320 1153 3408 Faunci,
1179 3318 1360 3394 debemus.
1409 3317 1502 3406 Vos,
1527 3316 1712 3404 Germani,
1735 3314 1837 3389 nobie

314 3434 458 3509 dedatis
479 3460 682 3528 coooarou,
707 3464 733 3515 1.
748 3462 806 3515 ra.
820 3463 1060 3530 anouovrurr,
1081 3460 1342 3529 namuurum,
1362 3458 1837 3529 amruu1,aurrrsaca1urr,

314 3556 658 3643 amarmurmulus
694 3556 1258 3647 Voa,Helratii,v1uarsa1orr,
1283 3578 1480 3643 warssrnrr,
1505 3575 1836 3629 wrrrauaacarmr.

313 3672 390 3748 Nec
424 3674 609 3751 defuerunt
643 3685 834 3767 nostrates,
869 3678 931 3777 qui
966 3676 1258 3752 Universitatibus
1294 3674 1428 3749 Vestris
1456 3673 1588 3771 aliquid
1616 3696 1723 3748 norae
1750 3672 1837 3747 lucis

313 3792 514 3871 attulerunt.
572 3795 830 3895 Discipulorum
866 3805 984 3873 summ
1019 3796 1282 3873 multitudinem
1321 3795 1350 3869 ai
1387 3808 1608 3894 reputemus,
1645 3802 1720 3867 tum
1759 3814 1837 3866 vero

312 3920 473 4013 apparet,
498 3913 676 3992 literarum
704 3916 953 3994 Universitates
975 3940 1044 3994 non
1065 3917 1108 3993 iia
1132 3917 1265 3991 finibus
1284 3912 1540 4004 circumscribi,
1565 3910 1694 4011 quibus
1717 3909 1837 4009 populi

312 4056 395 4107 ase
412 4032 560 4110 invicem
581 4035 795 4113 dividuntur.
846 4036 914 4111 His
937 4036 1023 4135 ipsis
1047 4035 1171 4111 diebus
1195 4035 1233 4109 in
1258 4033 1372 4109 lucem
1394 4030 1547 4129 prodibit
1570 4038 1607 4103 et
1627 4028 1836 4102 (iuratorum

297 4150 550 4229 munificentia
566 4154 791 4231 Bibliothecis
812 4154 945 4231 Vestris
966 4156 1153 4231 donabitur
1172 4153 1316 4249 Album
1332 4149 1574 4223 Studiosorum
1592 4146 1628 4220 in
1647 4145 1837 4221 Academia

313 4277 431 4344 nostra
452 4294 513 4369 per
531 4272 597 4347 tria
617 4275 753 4351 saecula
778 4274 1031 4375 inscriptorum.
1076 4270 1307 4371 Septuaginta
1331 4264 1439 4341 millia
1460 4265 1640 4339 nominum
1660 4262 1834 4351 continet,

311 4388 349 4461 in
370 4388 500 4486 quibus
518 4391 674 4468 mirabile
693 4395 790 4469 dictu
808 4403 862 4471 cst
882 4402 1035 4494 quantus
1055 4400 1252 4468 exterorum
1270 4409 1438 4463 numerus
1452 4384 1651 4484 reperiatur.
1675 4382 1836 4458 Sescenti

312 4507 380 4582 lrnc
414 4532 457 4584 ex
491 4510 623 4610 Magna
649 4511 832 4589 Britannia
856 4522 1112 4601 convenerunt,
1138 4510 1240 4586 utin
1266 4506 1383 4583 schola
1406 4529 1428 4580 a
1455 4526 1671 4579 aoransvro
1695 4502 1835 4579 condita

310 4625 395 4699 artis
419 4625 579 4703 mutaris
598 4630 790 4729 praeceptis
812 4630 1061 4705 imbuerentur.
1105 4630 1135 4702 li
1160 4626 1348 4702 Germania
1368 4623 1637 4700 innumerabiles
1660 4622 1731 4697 lere
1750 4621 1833 4697 ado·

297 4740 498 4835 lascentos,
533 4746 571 4821 in
604 4747 734 4846 quibus
765 4748 860 4825 baud
888 4750 990 4849 pauci
1014 4748 1131 4849 stirpis
1154 4747 1335 4822 nobilitate
1362 4744 1558 4845 conspicui,
1581 4742 1726 4818 Ieidam
1751 4764 1832 4815 con·

308 4864 486 4942 duxerunt
517 4874 554 4940 et
583 4891 626 4941 ax
654 4866 740 4943 iuris
764 4868 896 4967 publici
926 4869 1129 4969 disciplina,
1154 4892 1261 4969 quam
1288 4867 1344 4942 hic
1367 4862 1523 4965 primarii
1544 4862 1607 4936 viri
1632 4861 1834 4949 trudebant,
